%YAML 1.1
%TAG !u! tag:unity3d.com,2011:
--- !u!29 &1
OcclusionCullingSettings:
  m_ObjectHideFlags: 0
  serializedVersion: 2
  m_OcclusionBakeSettings:
    smallestOccluder: 5
    smallestHole: 0.25
    backfaceThreshold: 100
  m_SceneGUID: 00000000000000000000000000000000
  m_OcclusionCullingData: {fileID: 0}
--- !u!104 &2
RenderSettings:
  m_ObjectHideFlags: 0
  serializedVersion: 8
  m_Fog: 0
  m_FogColor: {r: 0.5, g: 0.5, b: 0.5, a: 1}
  m_FogMode: 3
  m_FogDensity: 0.01
  m_LinearFogStart: 0
  m_LinearFogEnd: 300
  m_AmbientSkyColor: {r: 0, g: 0, b: 0, a: 1}
  m_AmbientEquatorColor: {r: 0.114, g: 0.125, b: 0.133, a: 1}
  m_AmbientGroundColor: {r: 0.047, g: 0.043, b: 0.035, a: 1}
  m_AmbientIntensity: 0
  m_AmbientMode: 0
  m_SubtractiveShadowColor: {r: 0.42, g: 0.478, b: 0.627, a: 1}
  m_SkyboxMaterial: {fileID: 10304, guid: 0000000000000000f000000000000000, type: 0}
  m_HaloStrength: 0.5
  m_FlareStrength: 1
  m_FlareFadeSpeed: 3
  m_HaloTexture: {fileID: 0}
  m_SpotCookie: {fileID: 10001, guid: 0000000000000000e000000000000000, type: 0}
  m_DefaultReflectionMode: 0
  m_DefaultReflectionResolution: 128
  m_ReflectionBounces: 1
  m_ReflectionIntensity: 0.164
  m_CustomReflection: {fileID: 0}
  m_Sun: {fileID: 502629481}
  m_IndirectSpecularColor: {r: 0.18330988, g: 0.20674163, b: 0.24106032, a: 0.164}
--- !u!157 &3
LightmapSettings:
  m_ObjectHideFlags: 0
  serializedVersion: 11
  m_GIWorkflowMode: 0
  m_GISettings:
    serializedVersion: 2
    m_BounceScale: 1
    m_IndirectOutputScale: 1
    m_AlbedoBoost: 1
    m_TemporalCoherenceThreshold: 1
    m_EnvironmentLightingMode: 0
    m_EnableBakedLightmaps: 1
    m_EnableRealtimeLightmaps: 1
  m_LightmapEditorSettings:
    serializedVersion: 9
    m_Resolution: 2
    m_BakeResolution: 40
    m_TextureWidth: 1024
    m_TextureHeight: 1024
    m_AO: 0
    m_AOMaxDistance: 1
    m_CompAOExponent: 1
    m_CompAOExponentDirect: 0
    m_Padding: 2
    m_LightmapParameters: {fileID: 0}
    m_LightmapsBakeMode: 1
    m_TextureCompression: 1
    m_FinalGather: 0
    m_FinalGatherFiltering: 1
    m_FinalGatherRayCount: 256
    m_ReflectionCompression: 2
    m_MixedBakeMode: 2
    m_BakeBackend: 0
    m_PVRSampling: 1
    m_PVRDirectSampleCount: 32
    m_PVRSampleCount: 500
    m_PVRBounces: 2
    m_PVRFilterTypeDirect: 0
    m_PVRFilterTypeIndirect: 0
    m_PVRFilterTypeAO: 0
    m_PVRFilteringMode: 1
    m_PVRCulling: 1
    m_PVRFilteringGaussRadiusDirect: 1
    m_PVRFilteringGaussRadiusIndirect: 5
    m_PVRFilteringGaussRadiusAO: 2
    m_PVRFilteringAtrousPositionSigmaDirect: 0.5
    m_PVRFilteringAtrousPositionSigmaIndirect: 2
    m_PVRFilteringAtrousPositionSigmaAO: 1
  m_LightingDataAsset: {fileID: 0}
  m_UseShadowmask: 1
--- !u!196 &4
NavMeshSettings:
  serializedVersion: 2
  m_ObjectHideFlags: 0
  m_BuildSettings:
    serializedVersion: 2
    agentTypeID: 0
    agentRadius: 0.5
    agentHeight: 2
    agentSlope: 45
    agentClimb: 0.4
    ledgeDropHeight: 0
    maxJumpAcrossDistance: 0
    minRegionArea: 2
    manualCellSize: 0
    cellSize: 0.16666667
    manualTileSize: 0
    tileSize: 256
    accuratePlacement: 0
    debug:
      m_Flags: 0
  m_NavMeshData: {fileID: 0}
--- !u!1 &163946537
GameObject:
  m_ObjectHideFlags: 0
  m_PrefabParentObject: {fileID: 0}
  m_PrefabInternal: {fileID: 0}
  serializedVersion: 5
  m_Component:
  - component: {fileID: 163946539}
  - component: {fileID: 163946538}
  m_Layer: 0
  m_Name: Directional light - sorting room
  m_TagString: Untagged
  m_Icon: {fileID: 0}
  m_NavMeshLayer: 0
  m_StaticEditorFlags: 0
  m_IsActive: 1
--- !u!108 &163946538
Light:
  m_ObjectHideFlags: 0
  m_PrefabParentObject: {fileID: 0}
  m_PrefabInternal: {fileID: 0}
  m_GameObject: {fileID: 163946537}
  m_Enabled: 1
  serializedVersion: 8
  m_Type: 1
  m_Color: {r: 1, g: 1, b: 1, a: 1}
  m_Intensity: 0.5
  m_Range: 10
  m_SpotAngle: 30
  m_CookieSize: 10
  m_Shadows:
    m_Type: 0
    m_Resolution: -1
    m_CustomResolution: -1
    m_Strength: 1
    m_Bias: 0.05
    m_NormalBias: 0.4
    m_NearPlane: 0.2
  m_Cookie: {fileID: 0}
  m_DrawHalo: 0
  m_Flare: {fileID: 0}
  m_RenderMode: 0
  m_CullingMask:
    serializedVersion: 2
    m_Bits: 512
  m_Lightmapping: 4
  m_AreaSize: {x: 1, y: 1}
  m_BounceIntensity: 1
  m_ColorTemperature: 6570
  m_UseColorTemperature: 0
  m_ShadowRadius: 0
  m_ShadowAngle: 0
--- !u!4 &163946539
Transform:
  m_ObjectHideFlags: 0
  m_PrefabParentObject: {fileID: 0}
  m_PrefabInternal: {fileID: 0}
  m_GameObject: {fileID: 163946537}
  m_LocalRotation: {x: 0.30776805, y: -0.74376583, z: -0.017479412, w: 0.59311527}
  m_LocalPosition: {x: -4.64, y: 0.8, z: 2.15}
  m_LocalScale: {x: 1, y: 1, z: 1}
  m_Children: []
  m_Father: {fileID: 0}
  m_RootOrder: 8
  m_LocalEulerAnglesHint: {x: 19.821001, y: -108.327, z: -30.576002}
--- !u!1 &326076796 stripped
GameObject:
  m_PrefabParentObject: {fileID: 1172620179631984, guid: 2d81949b635f30d4abd12a9d02d6f3dc,
    type: 2}
  m_PrefabInternal: {fileID: 405079633}
--- !u!114 &326076800
MonoBehaviour:
  m_ObjectHideFlags: 0
  m_PrefabParentObject: {fileID: 0}
  m_PrefabInternal: {fileID: 0}
  m_GameObject: {fileID: 326076796}
  m_Enabled: 1
  m_EditorHideFlags: 0
  m_Script: {fileID: 911850839, guid: f7b54ff4a43d4fcf81b4538b678e0bcc, type: 3}
  m_Name: 
  m_EditorClassIdentifier: 
  m_HorizontalAxis: Horizontal
  m_VerticalAxis: Vertical
  m_SubmitButton: Submit
  m_CancelButton: Cancel
  m_InputActionsPerSecond: 10
  m_RepeatDelay: 0.5
  m_ForceModuleActive: 0
  m_NormalizedNavigationToScreenOffsetScalar: 500
  m_TimeToPressOnTap: 0.3
--- !u!114 &326076801
MonoBehaviour:
  m_ObjectHideFlags: 0
  m_PrefabParentObject: {fileID: 0}
  m_PrefabInternal: {fileID: 0}
  m_GameObject: {fileID: 326076796}
  m_Enabled: 1
  m_EditorHideFlags: 0
  m_Script: {fileID: 1898958984, guid: f7b54ff4a43d4fcf81b4538b678e0bcc, type: 3}
  m_Name: 
  m_EditorClassIdentifier: 
--- !u!21 &378637399
Material:
  serializedVersion: 6
  m_ObjectHideFlags: 0
  m_PrefabParentObject: {fileID: 0}
  m_PrefabInternal: {fileID: 0}
  m_Name: photoshop_2017-12-05_13-01-10Material
  m_Shader: {fileID: 10752, guid: 0000000000000000f000000000000000, type: 0}
  m_ShaderKeywords: 
  m_LightmapFlags: 5
  m_EnableInstancingVariants: 0
  m_DoubleSidedGI: 0
  m_CustomRenderQueue: -1
  stringTagMap: {}
  disabledShaderPasses: []
  m_SavedProperties:
    serializedVersion: 3
    m_TexEnvs:
    - _MainTex:
        m_Texture: {fileID: 2800000, guid: 2aa95146f61e427c8df1b922b5081ca7, type: 3}
        m_Scale: {x: 1, y: 1}
        m_Offset: {x: 0, y: 0}
    m_Floats: []
    m_Colors:
    - _Color: {r: 0.82089555, g: 0.82089555, b: 0.82089555, a: 1}
--- !u!1001 &405079633
Prefab:
  m_ObjectHideFlags: 0
  serializedVersion: 2
  m_Modification:
    m_TransformParent: {fileID: 0}
    m_Modifications:
    - target: {fileID: 4520900059593896, guid: 2d81949b635f30d4abd12a9d02d6f3dc, type: 2}
      propertyPath: m_LocalPosition.x
      value: 0
      objectReference: {fileID: 0}
    - target: {fileID: 4520900059593896, guid: 2d81949b635f30d4abd12a9d02d6f3dc, type: 2}
      propertyPath: m_LocalPosition.y
      value: 0
      objectReference: {fileID: 0}
    - target: {fileID: 4520900059593896, guid: 2d81949b635f30d4abd12a9d02d6f3dc, type: 2}
      propertyPath: m_LocalPosition.z
      value: 0
      objectReference: {fileID: 0}
    - target: {fileID: 4520900059593896, guid: 2d81949b635f30d4abd12a9d02d6f3dc, type: 2}
      propertyPath: m_LocalRotation.x
      value: 0
      objectReference: {fileID: 0}
    - target: {fileID: 4520900059593896, guid: 2d81949b635f30d4abd12a9d02d6f3dc, type: 2}
      propertyPath: m_LocalRotation.y
      value: 0
      objectReference: {fileID: 0}
    - target: {fileID: 4520900059593896, guid: 2d81949b635f30d4abd12a9d02d6f3dc, type: 2}
      propertyPath: m_LocalRotation.z
      value: 0
      objectReference: {fileID: 0}
    - target: {fileID: 4520900059593896, guid: 2d81949b635f30d4abd12a9d02d6f3dc, type: 2}
      propertyPath: m_LocalRotation.w
      value: 1
      objectReference: {fileID: 0}
    - target: {fileID: 4520900059593896, guid: 2d81949b635f30d4abd12a9d02d6f3dc, type: 2}
      propertyPath: m_RootOrder
      value: 2
      objectReference: {fileID: 0}
    - target: {fileID: 1680406130443612, guid: 2d81949b635f30d4abd12a9d02d6f3dc, type: 2}
      propertyPath: m_Name
      value: Managers
      objectReference: {fileID: 0}
    - target: {fileID: 114979608039250526, guid: 2d81949b635f30d4abd12a9d02d6f3dc,
        type: 2}
      propertyPath: Cursor
      value: 
      objectReference: {fileID: 0}
    - target: {fileID: 114501204836395470, guid: 2d81949b635f30d4abd12a9d02d6f3dc,
        type: 2}
      propertyPath: RaycastLayerMasks.Array.data[0].m_Bits
      value: 4294967033
      objectReference: {fileID: 0}
    - target: {fileID: 114722442141378090, guid: 2d81949b635f30d4abd12a9d02d6f3dc,
        type: 2}
      propertyPath: leftHand
      value: 
      objectReference: {fileID: 1747030157760962, guid: 0ff07ad2c7f9337489d2f7559b172d5d,
        type: 2}
    - target: {fileID: 114722442141378090, guid: 2d81949b635f30d4abd12a9d02d6f3dc,
        type: 2}
      propertyPath: rightHand
      value: 
      objectReference: {fileID: 1198379067318554, guid: 6baba202b5cc7954193562351570ad62,
        type: 2}
    - target: {fileID: 114722442141378090, guid: 2d81949b635f30d4abd12a9d02d6f3dc,
        type: 2}
      propertyPath: mouse
      value: 
      objectReference: {fileID: 1507481438}
    m_RemovedComponents: []
  m_ParentPrefab: {fileID: 100100000, guid: 2d81949b635f30d4abd12a9d02d6f3dc, type: 2}
  m_IsPrefabParent: 0
--- !u!1001 &439454077
Prefab:
  m_ObjectHideFlags: 0
  serializedVersion: 2
  m_Modification:
    m_TransformParent: {fileID: 0}
    m_Modifications:
    - target: {fileID: 400702, guid: 35624369a0ed2834f9302bbda1bafb84, type: 3}
      propertyPath: m_LocalPosition.x
      value: -2.126
      objectReference: {fileID: 0}
    - target: {fileID: 400702, guid: 35624369a0ed2834f9302bbda1bafb84, type: 3}
      propertyPath: m_LocalPosition.y
      value: -1.7469999
      objectReference: {fileID: 0}
    - target: {fileID: 400702, guid: 35624369a0ed2834f9302bbda1bafb84, type: 3}
      propertyPath: m_LocalPosition.z
      value: -0.153
      objectReference: {fileID: 0}
    - target: {fileID: 400702, guid: 35624369a0ed2834f9302bbda1bafb84, type: 3}
      propertyPath: m_LocalRotation.x
      value: -0
      objectReference: {fileID: 0}
    - target: {fileID: 400702, guid: 35624369a0ed2834f9302bbda1bafb84, type: 3}
      propertyPath: m_LocalRotation.y
      value: -0.70710576
      objectReference: {fileID: 0}
    - target: {fileID: 400702, guid: 35624369a0ed2834f9302bbda1bafb84, type: 3}
      propertyPath: m_LocalRotation.z
      value: -0
      objectReference: {fileID: 0}
    - target: {fileID: 400702, guid: 35624369a0ed2834f9302bbda1bafb84, type: 3}
      propertyPath: m_LocalRotation.w
      value: 0.70710784
      objectReference: {fileID: 0}
    - target: {fileID: 400702, guid: 35624369a0ed2834f9302bbda1bafb84, type: 3}
      propertyPath: m_RootOrder
      value: 7
      objectReference: {fileID: 0}
    - target: {fileID: 400702, guid: 35624369a0ed2834f9302bbda1bafb84, type: 3}
      propertyPath: m_LocalEulerAnglesHint.y
      value: -90.00001
      objectReference: {fileID: 0}
    - target: {fileID: 100142, guid: 35624369a0ed2834f9302bbda1bafb84, type: 3}
      propertyPath: m_Layer
      value: 9
      objectReference: {fileID: 0}
    - target: {fileID: 100382, guid: 35624369a0ed2834f9302bbda1bafb84, type: 3}
      propertyPath: m_Layer
      value: 9
      objectReference: {fileID: 0}
    - target: {fileID: 100178, guid: 35624369a0ed2834f9302bbda1bafb84, type: 3}
      propertyPath: m_Layer
      value: 9
      objectReference: {fileID: 0}
    - target: {fileID: 100030, guid: 35624369a0ed2834f9302bbda1bafb84, type: 3}
      propertyPath: m_Layer
      value: 9
      objectReference: {fileID: 0}
    - target: {fileID: 100472, guid: 35624369a0ed2834f9302bbda1bafb84, type: 3}
      propertyPath: m_Layer
      value: 9
      objectReference: {fileID: 0}
    - target: {fileID: 100570, guid: 35624369a0ed2834f9302bbda1bafb84, type: 3}
      propertyPath: m_Layer
      value: 9
      objectReference: {fileID: 0}
    - target: {fileID: 100444, guid: 35624369a0ed2834f9302bbda1bafb84, type: 3}
      propertyPath: m_Layer
      value: 9
      objectReference: {fileID: 0}
    - target: {fileID: 100320, guid: 35624369a0ed2834f9302bbda1bafb84, type: 3}
      propertyPath: m_Layer
      value: 9
      objectReference: {fileID: 0}
    - target: {fileID: 100678, guid: 35624369a0ed2834f9302bbda1bafb84, type: 3}
      propertyPath: m_Layer
      value: 9
      objectReference: {fileID: 0}
    - target: {fileID: 100384, guid: 35624369a0ed2834f9302bbda1bafb84, type: 3}
      propertyPath: m_Layer
      value: 9
      objectReference: {fileID: 0}
    - target: {fileID: 100388, guid: 35624369a0ed2834f9302bbda1bafb84, type: 3}
      propertyPath: m_Layer
      value: 9
      objectReference: {fileID: 0}
    - target: {fileID: 100176, guid: 35624369a0ed2834f9302bbda1bafb84, type: 3}
      propertyPath: m_Layer
      value: 9
      objectReference: {fileID: 0}
    - target: {fileID: 100252, guid: 35624369a0ed2834f9302bbda1bafb84, type: 3}
      propertyPath: m_Layer
      value: 9
      objectReference: {fileID: 0}
    - target: {fileID: 100410, guid: 35624369a0ed2834f9302bbda1bafb84, type: 3}
      propertyPath: m_Layer
      value: 9
      objectReference: {fileID: 0}
    - target: {fileID: 100486, guid: 35624369a0ed2834f9302bbda1bafb84, type: 3}
      propertyPath: m_Layer
      value: 9
      objectReference: {fileID: 0}
    - target: {fileID: 100610, guid: 35624369a0ed2834f9302bbda1bafb84, type: 3}
      propertyPath: m_Layer
      value: 9
      objectReference: {fileID: 0}
    - target: {fileID: 100072, guid: 35624369a0ed2834f9302bbda1bafb84, type: 3}
      propertyPath: m_Layer
      value: 9
      objectReference: {fileID: 0}
    - target: {fileID: 100290, guid: 35624369a0ed2834f9302bbda1bafb84, type: 3}
      propertyPath: m_Layer
      value: 9
      objectReference: {fileID: 0}
    - target: {fileID: 100186, guid: 35624369a0ed2834f9302bbda1bafb84, type: 3}
      propertyPath: m_Layer
      value: 9
      objectReference: {fileID: 0}
    - target: {fileID: 100580, guid: 35624369a0ed2834f9302bbda1bafb84, type: 3}
      propertyPath: m_Layer
      value: 9
      objectReference: {fileID: 0}
    - target: {fileID: 100492, guid: 35624369a0ed2834f9302bbda1bafb84, type: 3}
      propertyPath: m_Layer
      value: 9
      objectReference: {fileID: 0}
    - target: {fileID: 100000, guid: 35624369a0ed2834f9302bbda1bafb84, type: 3}
      propertyPath: m_Layer
      value: 9
      objectReference: {fileID: 0}
    - target: {fileID: 100546, guid: 35624369a0ed2834f9302bbda1bafb84, type: 3}
      propertyPath: m_Layer
      value: 9
      objectReference: {fileID: 0}
    - target: {fileID: 100238, guid: 35624369a0ed2834f9302bbda1bafb84, type: 3}
      propertyPath: m_Layer
      value: 9
      objectReference: {fileID: 0}
    - target: {fileID: 100154, guid: 35624369a0ed2834f9302bbda1bafb84, type: 3}
      propertyPath: m_Layer
      value: 9
      objectReference: {fileID: 0}
    - target: {fileID: 100582, guid: 35624369a0ed2834f9302bbda1bafb84, type: 3}
      propertyPath: m_Layer
      value: 9
      objectReference: {fileID: 0}
    - target: {fileID: 100572, guid: 35624369a0ed2834f9302bbda1bafb84, type: 3}
      propertyPath: m_Layer
      value: 9
      objectReference: {fileID: 0}
    - target: {fileID: 100624, guid: 35624369a0ed2834f9302bbda1bafb84, type: 3}
      propertyPath: m_Layer
      value: 9
      objectReference: {fileID: 0}
    - target: {fileID: 100398, guid: 35624369a0ed2834f9302bbda1bafb84, type: 3}
      propertyPath: m_Layer
      value: 9
      objectReference: {fileID: 0}
    - target: {fileID: 100646, guid: 35624369a0ed2834f9302bbda1bafb84, type: 3}
      propertyPath: m_Layer
      value: 9
      objectReference: {fileID: 0}
    - target: {fileID: 100542, guid: 35624369a0ed2834f9302bbda1bafb84, type: 3}
      propertyPath: m_Layer
      value: 9
      objectReference: {fileID: 0}
    - target: {fileID: 100156, guid: 35624369a0ed2834f9302bbda1bafb84, type: 3}
      propertyPath: m_Layer
      value: 9
      objectReference: {fileID: 0}
    - target: {fileID: 100184, guid: 35624369a0ed2834f9302bbda1bafb84, type: 3}
      propertyPath: m_Layer
      value: 9
      objectReference: {fileID: 0}
    - target: {fileID: 100050, guid: 35624369a0ed2834f9302bbda1bafb84, type: 3}
      propertyPath: m_Layer
      value: 9
      objectReference: {fileID: 0}
    - target: {fileID: 100234, guid: 35624369a0ed2834f9302bbda1bafb84, type: 3}
      propertyPath: m_Layer
      value: 9
      objectReference: {fileID: 0}
    - target: {fileID: 100340, guid: 35624369a0ed2834f9302bbda1bafb84, type: 3}
      propertyPath: m_Layer
      value: 9
      objectReference: {fileID: 0}
    - target: {fileID: 100412, guid: 35624369a0ed2834f9302bbda1bafb84, type: 3}
      propertyPath: m_Layer
      value: 9
      objectReference: {fileID: 0}
    - target: {fileID: 100530, guid: 35624369a0ed2834f9302bbda1bafb84, type: 3}
      propertyPath: m_Layer
      value: 9
      objectReference: {fileID: 0}
    - target: {fileID: 100618, guid: 35624369a0ed2834f9302bbda1bafb84, type: 3}
      propertyPath: m_Layer
      value: 9
      objectReference: {fileID: 0}
    - target: {fileID: 100670, guid: 35624369a0ed2834f9302bbda1bafb84, type: 3}
      propertyPath: m_Layer
      value: 9
      objectReference: {fileID: 0}
    - target: {fileID: 100350, guid: 35624369a0ed2834f9302bbda1bafb84, type: 3}
      propertyPath: m_Layer
      value: 9
      objectReference: {fileID: 0}
    - target: {fileID: 100118, guid: 35624369a0ed2834f9302bbda1bafb84, type: 3}
      propertyPath: m_Layer
      value: 9
      objectReference: {fileID: 0}
    - target: {fileID: 100012, guid: 35624369a0ed2834f9302bbda1bafb84, type: 3}
      propertyPath: m_Layer
      value: 9
      objectReference: {fileID: 0}
    - target: {fileID: 100420, guid: 35624369a0ed2834f9302bbda1bafb84, type: 3}
      propertyPath: m_Layer
      value: 9
      objectReference: {fileID: 0}
    - target: {fileID: 100288, guid: 35624369a0ed2834f9302bbda1bafb84, type: 3}
      propertyPath: m_Layer
      value: 9
      objectReference: {fileID: 0}
    - target: {fileID: 100314, guid: 35624369a0ed2834f9302bbda1bafb84, type: 3}
      propertyPath: m_Layer
      value: 9
      objectReference: {fileID: 0}
    - target: {fileID: 100550, guid: 35624369a0ed2834f9302bbda1bafb84, type: 3}
      propertyPath: m_Layer
      value: 9
      objectReference: {fileID: 0}
    - target: {fileID: 100560, guid: 35624369a0ed2834f9302bbda1bafb84, type: 3}
      propertyPath: m_Layer
      value: 9
      objectReference: {fileID: 0}
    - target: {fileID: 100632, guid: 35624369a0ed2834f9302bbda1bafb84, type: 3}
      propertyPath: m_Layer
      value: 9
      objectReference: {fileID: 0}
    - target: {fileID: 100450, guid: 35624369a0ed2834f9302bbda1bafb84, type: 3}
      propertyPath: m_Layer
      value: 9
      objectReference: {fileID: 0}
    - target: {fileID: 100464, guid: 35624369a0ed2834f9302bbda1bafb84, type: 3}
      propertyPath: m_Layer
      value: 9
      objectReference: {fileID: 0}
    - target: {fileID: 100466, guid: 35624369a0ed2834f9302bbda1bafb84, type: 3}
      propertyPath: m_Layer
      value: 9
      objectReference: {fileID: 0}
    - target: {fileID: 100130, guid: 35624369a0ed2834f9302bbda1bafb84, type: 3}
      propertyPath: m_Layer
      value: 9
      objectReference: {fileID: 0}
    - target: {fileID: 100548, guid: 35624369a0ed2834f9302bbda1bafb84, type: 3}
      propertyPath: m_Layer
      value: 9
      objectReference: {fileID: 0}
    - target: {fileID: 100084, guid: 35624369a0ed2834f9302bbda1bafb84, type: 3}
      propertyPath: m_Layer
      value: 9
      objectReference: {fileID: 0}
    - target: {fileID: 100488, guid: 35624369a0ed2834f9302bbda1bafb84, type: 3}
      propertyPath: m_Layer
      value: 9
      objectReference: {fileID: 0}
    - target: {fileID: 100482, guid: 35624369a0ed2834f9302bbda1bafb84, type: 3}
      propertyPath: m_Layer
      value: 9
      objectReference: {fileID: 0}
    - target: {fileID: 100052, guid: 35624369a0ed2834f9302bbda1bafb84, type: 3}
      propertyPath: m_Layer
      value: 9
      objectReference: {fileID: 0}
    - target: {fileID: 100302, guid: 35624369a0ed2834f9302bbda1bafb84, type: 3}
      propertyPath: m_Layer
      value: 9
      objectReference: {fileID: 0}
    - target: {fileID: 100668, guid: 35624369a0ed2834f9302bbda1bafb84, type: 3}
      propertyPath: m_Layer
      value: 9
      objectReference: {fileID: 0}
    - target: {fileID: 100604, guid: 35624369a0ed2834f9302bbda1bafb84, type: 3}
      propertyPath: m_Layer
      value: 9
      objectReference: {fileID: 0}
    - target: {fileID: 100040, guid: 35624369a0ed2834f9302bbda1bafb84, type: 3}
      propertyPath: m_Layer
      value: 9
      objectReference: {fileID: 0}
    - target: {fileID: 100258, guid: 35624369a0ed2834f9302bbda1bafb84, type: 3}
      propertyPath: m_Layer
      value: 9
      objectReference: {fileID: 0}
    - target: {fileID: 100102, guid: 35624369a0ed2834f9302bbda1bafb84, type: 3}
      propertyPath: m_Layer
      value: 9
      objectReference: {fileID: 0}
    - target: {fileID: 100146, guid: 35624369a0ed2834f9302bbda1bafb84, type: 3}
      propertyPath: m_Layer
      value: 9
      objectReference: {fileID: 0}
    - target: {fileID: 100212, guid: 35624369a0ed2834f9302bbda1bafb84, type: 3}
      propertyPath: m_Layer
      value: 9
      objectReference: {fileID: 0}
    - target: {fileID: 100392, guid: 35624369a0ed2834f9302bbda1bafb84, type: 3}
      propertyPath: m_Layer
      value: 9
      objectReference: {fileID: 0}
    - target: {fileID: 100630, guid: 35624369a0ed2834f9302bbda1bafb84, type: 3}
      propertyPath: m_Layer
      value: 9
      objectReference: {fileID: 0}
    - target: {fileID: 100626, guid: 35624369a0ed2834f9302bbda1bafb84, type: 3}
      propertyPath: m_Layer
      value: 9
      objectReference: {fileID: 0}
    - target: {fileID: 100644, guid: 35624369a0ed2834f9302bbda1bafb84, type: 3}
      propertyPath: m_Layer
      value: 9
      objectReference: {fileID: 0}
    - target: {fileID: 100104, guid: 35624369a0ed2834f9302bbda1bafb84, type: 3}
      propertyPath: m_Layer
      value: 9
      objectReference: {fileID: 0}
    - target: {fileID: 100616, guid: 35624369a0ed2834f9302bbda1bafb84, type: 3}
      propertyPath: m_Layer
      value: 9
      objectReference: {fileID: 0}
    - target: {fileID: 100436, guid: 35624369a0ed2834f9302bbda1bafb84, type: 3}
      propertyPath: m_Layer
      value: 9
      objectReference: {fileID: 0}
    - target: {fileID: 100612, guid: 35624369a0ed2834f9302bbda1bafb84, type: 3}
      propertyPath: m_Layer
      value: 9
      objectReference: {fileID: 0}
    - target: {fileID: 100452, guid: 35624369a0ed2834f9302bbda1bafb84, type: 3}
      propertyPath: m_Layer
      value: 9
      objectReference: {fileID: 0}
    - target: {fileID: 100248, guid: 35624369a0ed2834f9302bbda1bafb84, type: 3}
      propertyPath: m_Layer
      value: 9
      objectReference: {fileID: 0}
    - target: {fileID: 100188, guid: 35624369a0ed2834f9302bbda1bafb84, type: 3}
      propertyPath: m_Layer
      value: 9
      objectReference: {fileID: 0}
    - target: {fileID: 100376, guid: 35624369a0ed2834f9302bbda1bafb84, type: 3}
      propertyPath: m_Layer
      value: 9
      objectReference: {fileID: 0}
    - target: {fileID: 100662, guid: 35624369a0ed2834f9302bbda1bafb84, type: 3}
      propertyPath: m_Layer
      value: 9
      objectReference: {fileID: 0}
    - target: {fileID: 100652, guid: 35624369a0ed2834f9302bbda1bafb84, type: 3}
      propertyPath: m_Layer
      value: 9
      objectReference: {fileID: 0}
    - target: {fileID: 100688, guid: 35624369a0ed2834f9302bbda1bafb84, type: 3}
      propertyPath: m_Layer
      value: 9
      objectReference: {fileID: 0}
    - target: {fileID: 100170, guid: 35624369a0ed2834f9302bbda1bafb84, type: 3}
      propertyPath: m_Layer
      value: 9
      objectReference: {fileID: 0}
    - target: {fileID: 100200, guid: 35624369a0ed2834f9302bbda1bafb84, type: 3}
      propertyPath: m_Layer
      value: 9
      objectReference: {fileID: 0}
    - target: {fileID: 100278, guid: 35624369a0ed2834f9302bbda1bafb84, type: 3}
      propertyPath: m_Layer
      value: 9
      objectReference: {fileID: 0}
    - target: {fileID: 100504, guid: 35624369a0ed2834f9302bbda1bafb84, type: 3}
      propertyPath: m_Layer
      value: 9
      objectReference: {fileID: 0}
    - target: {fileID: 100018, guid: 35624369a0ed2834f9302bbda1bafb84, type: 3}
      propertyPath: m_Layer
      value: 9
      objectReference: {fileID: 0}
    - target: {fileID: 100076, guid: 35624369a0ed2834f9302bbda1bafb84, type: 3}
      propertyPath: m_Layer
      value: 9
      objectReference: {fileID: 0}
    - target: {fileID: 100686, guid: 35624369a0ed2834f9302bbda1bafb84, type: 3}
      propertyPath: m_Layer
      value: 9
      objectReference: {fileID: 0}
    - target: {fileID: 100614, guid: 35624369a0ed2834f9302bbda1bafb84, type: 3}
      propertyPath: m_Layer
      value: 9
      objectReference: {fileID: 0}
    - target: {fileID: 100508, guid: 35624369a0ed2834f9302bbda1bafb84, type: 3}
      propertyPath: m_Layer
      value: 9
      objectReference: {fileID: 0}
    - target: {fileID: 100114, guid: 35624369a0ed2834f9302bbda1bafb84, type: 3}
      propertyPath: m_Layer
      value: 9
      objectReference: {fileID: 0}
    - target: {fileID: 100474, guid: 35624369a0ed2834f9302bbda1bafb84, type: 3}
      propertyPath: m_Layer
      value: 9
      objectReference: {fileID: 0}
    - target: {fileID: 100214, guid: 35624369a0ed2834f9302bbda1bafb84, type: 3}
      propertyPath: m_Layer
      value: 9
      objectReference: {fileID: 0}
    - target: {fileID: 100134, guid: 35624369a0ed2834f9302bbda1bafb84, type: 3}
      propertyPath: m_Layer
      value: 9
      objectReference: {fileID: 0}
    - target: {fileID: 100224, guid: 35624369a0ed2834f9302bbda1bafb84, type: 3}
      propertyPath: m_Layer
      value: 9
      objectReference: {fileID: 0}
    - target: {fileID: 100202, guid: 35624369a0ed2834f9302bbda1bafb84, type: 3}
      propertyPath: m_Layer
      value: 9
      objectReference: {fileID: 0}
    - target: {fileID: 100674, guid: 35624369a0ed2834f9302bbda1bafb84, type: 3}
      propertyPath: m_Layer
      value: 9
      objectReference: {fileID: 0}
    - target: {fileID: 100422, guid: 35624369a0ed2834f9302bbda1bafb84, type: 3}
      propertyPath: m_Layer
      value: 9
      objectReference: {fileID: 0}
    - target: {fileID: 100532, guid: 35624369a0ed2834f9302bbda1bafb84, type: 3}
      propertyPath: m_Layer
      value: 9
      objectReference: {fileID: 0}
    - target: {fileID: 100366, guid: 35624369a0ed2834f9302bbda1bafb84, type: 3}
      propertyPath: m_Layer
      value: 9
      objectReference: {fileID: 0}
    - target: {fileID: 100250, guid: 35624369a0ed2834f9302bbda1bafb84, type: 3}
      propertyPath: m_Layer
      value: 9
      objectReference: {fileID: 0}
    - target: {fileID: 100654, guid: 35624369a0ed2834f9302bbda1bafb84, type: 3}
      propertyPath: m_Layer
      value: 9
      objectReference: {fileID: 0}
    - target: {fileID: 100648, guid: 35624369a0ed2834f9302bbda1bafb84, type: 3}
      propertyPath: m_Layer
      value: 9
      objectReference: {fileID: 0}
    - target: {fileID: 100368, guid: 35624369a0ed2834f9302bbda1bafb84, type: 3}
      propertyPath: m_Layer
      value: 9
      objectReference: {fileID: 0}
    - target: {fileID: 100342, guid: 35624369a0ed2834f9302bbda1bafb84, type: 3}
      propertyPath: m_Layer
      value: 9
      objectReference: {fileID: 0}
    - target: {fileID: 100564, guid: 35624369a0ed2834f9302bbda1bafb84, type: 3}
      propertyPath: m_Layer
      value: 9
      objectReference: {fileID: 0}
    - target: {fileID: 100554, guid: 35624369a0ed2834f9302bbda1bafb84, type: 3}
      propertyPath: m_Layer
      value: 9
      objectReference: {fileID: 0}
    - target: {fileID: 100620, guid: 35624369a0ed2834f9302bbda1bafb84, type: 3}
      propertyPath: m_Layer
      value: 9
      objectReference: {fileID: 0}
    - target: {fileID: 100284, guid: 35624369a0ed2834f9302bbda1bafb84, type: 3}
      propertyPath: m_Layer
      value: 9
      objectReference: {fileID: 0}
    - target: {fileID: 100010, guid: 35624369a0ed2834f9302bbda1bafb84, type: 3}
      propertyPath: m_Layer
      value: 9
      objectReference: {fileID: 0}
    - target: {fileID: 100480, guid: 35624369a0ed2834f9302bbda1bafb84, type: 3}
      propertyPath: m_Layer
      value: 9
      objectReference: {fileID: 0}
    - target: {fileID: 100430, guid: 35624369a0ed2834f9302bbda1bafb84, type: 3}
      propertyPath: m_Layer
      value: 9
      objectReference: {fileID: 0}
    - target: {fileID: 100498, guid: 35624369a0ed2834f9302bbda1bafb84, type: 3}
      propertyPath: m_Layer
      value: 9
      objectReference: {fileID: 0}
    - target: {fileID: 100586, guid: 35624369a0ed2834f9302bbda1bafb84, type: 3}
      propertyPath: m_Layer
      value: 9
      objectReference: {fileID: 0}
    - target: {fileID: 100588, guid: 35624369a0ed2834f9302bbda1bafb84, type: 3}
      propertyPath: m_Layer
      value: 9
      objectReference: {fileID: 0}
    - target: {fileID: 100568, guid: 35624369a0ed2834f9302bbda1bafb84, type: 3}
      propertyPath: m_Layer
      value: 9
      objectReference: {fileID: 0}
    - target: {fileID: 100566, guid: 35624369a0ed2834f9302bbda1bafb84, type: 3}
      propertyPath: m_Layer
      value: 9
      objectReference: {fileID: 0}
    - target: {fileID: 100128, guid: 35624369a0ed2834f9302bbda1bafb84, type: 3}
      propertyPath: m_Layer
      value: 9
      objectReference: {fileID: 0}
    - target: {fileID: 100362, guid: 35624369a0ed2834f9302bbda1bafb84, type: 3}
      propertyPath: m_Layer
      value: 9
      objectReference: {fileID: 0}
    - target: {fileID: 100210, guid: 35624369a0ed2834f9302bbda1bafb84, type: 3}
      propertyPath: m_Layer
      value: 9
      objectReference: {fileID: 0}
    - target: {fileID: 100334, guid: 35624369a0ed2834f9302bbda1bafb84, type: 3}
      propertyPath: m_Layer
      value: 9
      objectReference: {fileID: 0}
    - target: {fileID: 100534, guid: 35624369a0ed2834f9302bbda1bafb84, type: 3}
      propertyPath: m_Layer
      value: 9
      objectReference: {fileID: 0}
    - target: {fileID: 100428, guid: 35624369a0ed2834f9302bbda1bafb84, type: 3}
      propertyPath: m_Layer
      value: 9
      objectReference: {fileID: 0}
    - target: {fileID: 100062, guid: 35624369a0ed2834f9302bbda1bafb84, type: 3}
      propertyPath: m_Layer
      value: 9
      objectReference: {fileID: 0}
    - target: {fileID: 100680, guid: 35624369a0ed2834f9302bbda1bafb84, type: 3}
      propertyPath: m_Layer
      value: 9
      objectReference: {fileID: 0}
    - target: {fileID: 100026, guid: 35624369a0ed2834f9302bbda1bafb84, type: 3}
      propertyPath: m_Layer
      value: 9
      objectReference: {fileID: 0}
    - target: {fileID: 100490, guid: 35624369a0ed2834f9302bbda1bafb84, type: 3}
      propertyPath: m_Layer
      value: 9
      objectReference: {fileID: 0}
    - target: {fileID: 100328, guid: 35624369a0ed2834f9302bbda1bafb84, type: 3}
      propertyPath: m_Layer
      value: 9
      objectReference: {fileID: 0}
    - target: {fileID: 100034, guid: 35624369a0ed2834f9302bbda1bafb84, type: 3}
      propertyPath: m_Layer
      value: 9
      objectReference: {fileID: 0}
    - target: {fileID: 100162, guid: 35624369a0ed2834f9302bbda1bafb84, type: 3}
      propertyPath: m_Layer
      value: 9
      objectReference: {fileID: 0}
    - target: {fileID: 100312, guid: 35624369a0ed2834f9302bbda1bafb84, type: 3}
      propertyPath: m_Layer
      value: 9
      objectReference: {fileID: 0}
    - target: {fileID: 100348, guid: 35624369a0ed2834f9302bbda1bafb84, type: 3}
      propertyPath: m_Layer
      value: 9
      objectReference: {fileID: 0}
    - target: {fileID: 100446, guid: 35624369a0ed2834f9302bbda1bafb84, type: 3}
      propertyPath: m_Layer
      value: 9
      objectReference: {fileID: 0}
    - target: {fileID: 100440, guid: 35624369a0ed2834f9302bbda1bafb84, type: 3}
      propertyPath: m_Layer
      value: 9
      objectReference: {fileID: 0}
    - target: {fileID: 100602, guid: 35624369a0ed2834f9302bbda1bafb84, type: 3}
      propertyPath: m_Layer
      value: 9
      objectReference: {fileID: 0}
    - target: {fileID: 100578, guid: 35624369a0ed2834f9302bbda1bafb84, type: 3}
      propertyPath: m_Layer
      value: 9
      objectReference: {fileID: 0}
    - target: {fileID: 100194, guid: 35624369a0ed2834f9302bbda1bafb84, type: 3}
      propertyPath: m_Layer
      value: 9
      objectReference: {fileID: 0}
    - target: {fileID: 100048, guid: 35624369a0ed2834f9302bbda1bafb84, type: 3}
      propertyPath: m_Layer
      value: 9
      objectReference: {fileID: 0}
    - target: {fileID: 100192, guid: 35624369a0ed2834f9302bbda1bafb84, type: 3}
      propertyPath: m_Layer
      value: 9
      objectReference: {fileID: 0}
    - target: {fileID: 100272, guid: 35624369a0ed2834f9302bbda1bafb84, type: 3}
      propertyPath: m_Layer
      value: 9
      objectReference: {fileID: 0}
    - target: {fileID: 100244, guid: 35624369a0ed2834f9302bbda1bafb84, type: 3}
      propertyPath: m_Layer
      value: 9
      objectReference: {fileID: 0}
    - target: {fileID: 100354, guid: 35624369a0ed2834f9302bbda1bafb84, type: 3}
      propertyPath: m_Layer
      value: 9
      objectReference: {fileID: 0}
    - target: {fileID: 100172, guid: 35624369a0ed2834f9302bbda1bafb84, type: 3}
      propertyPath: m_Layer
      value: 9
      objectReference: {fileID: 0}
    - target: {fileID: 100514, guid: 35624369a0ed2834f9302bbda1bafb84, type: 3}
      propertyPath: m_Layer
      value: 9
      objectReference: {fileID: 0}
    - target: {fileID: 100390, guid: 35624369a0ed2834f9302bbda1bafb84, type: 3}
      propertyPath: m_Layer
      value: 9
      objectReference: {fileID: 0}
    - target: {fileID: 100260, guid: 35624369a0ed2834f9302bbda1bafb84, type: 3}
      propertyPath: m_Layer
      value: 9
      objectReference: {fileID: 0}
    - target: {fileID: 100020, guid: 35624369a0ed2834f9302bbda1bafb84, type: 3}
      propertyPath: m_Layer
      value: 9
      objectReference: {fileID: 0}
    - target: {fileID: 100218, guid: 35624369a0ed2834f9302bbda1bafb84, type: 3}
      propertyPath: m_Layer
      value: 9
      objectReference: {fileID: 0}
    - target: {fileID: 100152, guid: 35624369a0ed2834f9302bbda1bafb84, type: 3}
      propertyPath: m_Layer
      value: 9
      objectReference: {fileID: 0}
    - target: {fileID: 100054, guid: 35624369a0ed2834f9302bbda1bafb84, type: 3}
      propertyPath: m_Layer
      value: 9
      objectReference: {fileID: 0}
    - target: {fileID: 100180, guid: 35624369a0ed2834f9302bbda1bafb84, type: 3}
      propertyPath: m_Layer
      value: 9
      objectReference: {fileID: 0}
    - target: {fileID: 100080, guid: 35624369a0ed2834f9302bbda1bafb84, type: 3}
      propertyPath: m_Layer
      value: 9
      objectReference: {fileID: 0}
    - target: {fileID: 100298, guid: 35624369a0ed2834f9302bbda1bafb84, type: 3}
      propertyPath: m_Layer
      value: 9
      objectReference: {fileID: 0}
    - target: {fileID: 100690, guid: 35624369a0ed2834f9302bbda1bafb84, type: 3}
      propertyPath: m_Layer
      value: 9
      objectReference: {fileID: 0}
    - target: {fileID: 100442, guid: 35624369a0ed2834f9302bbda1bafb84, type: 3}
      propertyPath: m_Layer
      value: 9
      objectReference: {fileID: 0}
    - target: {fileID: 100206, guid: 35624369a0ed2834f9302bbda1bafb84, type: 3}
      propertyPath: m_Layer
      value: 9
      objectReference: {fileID: 0}
    - target: {fileID: 100132, guid: 35624369a0ed2834f9302bbda1bafb84, type: 3}
      propertyPath: m_Layer
      value: 9
      objectReference: {fileID: 0}
    - target: {fileID: 100608, guid: 35624369a0ed2834f9302bbda1bafb84, type: 3}
      propertyPath: m_Layer
      value: 9
      objectReference: {fileID: 0}
    - target: {fileID: 100346, guid: 35624369a0ed2834f9302bbda1bafb84, type: 3}
      propertyPath: m_Layer
      value: 9
      objectReference: {fileID: 0}
    - target: {fileID: 100426, guid: 35624369a0ed2834f9302bbda1bafb84, type: 3}
      propertyPath: m_Layer
      value: 9
      objectReference: {fileID: 0}
    - target: {fileID: 100414, guid: 35624369a0ed2834f9302bbda1bafb84, type: 3}
      propertyPath: m_Layer
      value: 9
      objectReference: {fileID: 0}
    - target: {fileID: 100108, guid: 35624369a0ed2834f9302bbda1bafb84, type: 3}
      propertyPath: m_Layer
      value: 9
      objectReference: {fileID: 0}
    - target: {fileID: 100470, guid: 35624369a0ed2834f9302bbda1bafb84, type: 3}
      propertyPath: m_Layer
      value: 9
      objectReference: {fileID: 0}
    - target: {fileID: 100220, guid: 35624369a0ed2834f9302bbda1bafb84, type: 3}
      propertyPath: m_Layer
      value: 9
      objectReference: {fileID: 0}
    - target: {fileID: 100372, guid: 35624369a0ed2834f9302bbda1bafb84, type: 3}
      propertyPath: m_Layer
      value: 9
      objectReference: {fileID: 0}
    - target: {fileID: 100448, guid: 35624369a0ed2834f9302bbda1bafb84, type: 3}
      propertyPath: m_Layer
      value: 9
      objectReference: {fileID: 0}
    - target: {fileID: 100140, guid: 35624369a0ed2834f9302bbda1bafb84, type: 3}
      propertyPath: m_Layer
      value: 9
      objectReference: {fileID: 0}
    - target: {fileID: 100190, guid: 35624369a0ed2834f9302bbda1bafb84, type: 3}
      propertyPath: m_Layer
      value: 9
      objectReference: {fileID: 0}
    - target: {fileID: 100326, guid: 35624369a0ed2834f9302bbda1bafb84, type: 3}
      propertyPath: m_Layer
      value: 9
      objectReference: {fileID: 0}
    - target: {fileID: 100028, guid: 35624369a0ed2834f9302bbda1bafb84, type: 3}
      propertyPath: m_Layer
      value: 9
      objectReference: {fileID: 0}
    - target: {fileID: 100322, guid: 35624369a0ed2834f9302bbda1bafb84, type: 3}
      propertyPath: m_Layer
      value: 9
      objectReference: {fileID: 0}
    - target: {fileID: 100484, guid: 35624369a0ed2834f9302bbda1bafb84, type: 3}
      propertyPath: m_Layer
      value: 9
      objectReference: {fileID: 0}
    - target: {fileID: 100300, guid: 35624369a0ed2834f9302bbda1bafb84, type: 3}
      propertyPath: m_Layer
      value: 9
      objectReference: {fileID: 0}
    - target: {fileID: 100370, guid: 35624369a0ed2834f9302bbda1bafb84, type: 3}
      propertyPath: m_Layer
      value: 9
      objectReference: {fileID: 0}
    - target: {fileID: 100092, guid: 35624369a0ed2834f9302bbda1bafb84, type: 3}
      propertyPath: m_Layer
      value: 9
      objectReference: {fileID: 0}
    - target: {fileID: 100478, guid: 35624369a0ed2834f9302bbda1bafb84, type: 3}
      propertyPath: m_Layer
      value: 9
      objectReference: {fileID: 0}
    - target: {fileID: 100502, guid: 35624369a0ed2834f9302bbda1bafb84, type: 3}
      propertyPath: m_Layer
      value: 9
      objectReference: {fileID: 0}
    - target: {fileID: 100516, guid: 35624369a0ed2834f9302bbda1bafb84, type: 3}
      propertyPath: m_Layer
      value: 9
      objectReference: {fileID: 0}
    - target: {fileID: 100438, guid: 35624369a0ed2834f9302bbda1bafb84, type: 3}
      propertyPath: m_Layer
      value: 9
      objectReference: {fileID: 0}
    - target: {fileID: 100136, guid: 35624369a0ed2834f9302bbda1bafb84, type: 3}
      propertyPath: m_Layer
      value: 9
      objectReference: {fileID: 0}
    - target: {fileID: 100592, guid: 35624369a0ed2834f9302bbda1bafb84, type: 3}
      propertyPath: m_Layer
      value: 9
      objectReference: {fileID: 0}
    - target: {fileID: 100254, guid: 35624369a0ed2834f9302bbda1bafb84, type: 3}
      propertyPath: m_Layer
      value: 9
      objectReference: {fileID: 0}
    - target: {fileID: 100058, guid: 35624369a0ed2834f9302bbda1bafb84, type: 3}
      propertyPath: m_Layer
      value: 9
      objectReference: {fileID: 0}
    - target: {fileID: 100074, guid: 35624369a0ed2834f9302bbda1bafb84, type: 3}
      propertyPath: m_Layer
      value: 9
      objectReference: {fileID: 0}
    - target: {fileID: 100046, guid: 35624369a0ed2834f9302bbda1bafb84, type: 3}
      propertyPath: m_Layer
      value: 9
      objectReference: {fileID: 0}
    - target: {fileID: 100256, guid: 35624369a0ed2834f9302bbda1bafb84, type: 3}
      propertyPath: m_Layer
      value: 9
      objectReference: {fileID: 0}
    - target: {fileID: 100462, guid: 35624369a0ed2834f9302bbda1bafb84, type: 3}
      propertyPath: m_Layer
      value: 9
      objectReference: {fileID: 0}
    - target: {fileID: 100280, guid: 35624369a0ed2834f9302bbda1bafb84, type: 3}
      propertyPath: m_Layer
      value: 9
      objectReference: {fileID: 0}
    - target: {fileID: 100598, guid: 35624369a0ed2834f9302bbda1bafb84, type: 3}
      propertyPath: m_Layer
      value: 9
      objectReference: {fileID: 0}
    - target: {fileID: 100642, guid: 35624369a0ed2834f9302bbda1bafb84, type: 3}
      propertyPath: m_Layer
      value: 9
      objectReference: {fileID: 0}
    - target: {fileID: 100522, guid: 35624369a0ed2834f9302bbda1bafb84, type: 3}
      propertyPath: m_Layer
      value: 9
      objectReference: {fileID: 0}
    - target: {fileID: 100294, guid: 35624369a0ed2834f9302bbda1bafb84, type: 3}
      propertyPath: m_Layer
      value: 9
      objectReference: {fileID: 0}
    - target: {fileID: 100584, guid: 35624369a0ed2834f9302bbda1bafb84, type: 3}
      propertyPath: m_Layer
      value: 9
      objectReference: {fileID: 0}
    - target: {fileID: 100032, guid: 35624369a0ed2834f9302bbda1bafb84, type: 3}
      propertyPath: m_Layer
      value: 9
      objectReference: {fileID: 0}
    - target: {fileID: 100418, guid: 35624369a0ed2834f9302bbda1bafb84, type: 3}
      propertyPath: m_Layer
      value: 9
      objectReference: {fileID: 0}
    - target: {fileID: 100562, guid: 35624369a0ed2834f9302bbda1bafb84, type: 3}
      propertyPath: m_Layer
      value: 9
      objectReference: {fileID: 0}
    - target: {fileID: 100666, guid: 35624369a0ed2834f9302bbda1bafb84, type: 3}
      propertyPath: m_Layer
      value: 9
      objectReference: {fileID: 0}
    - target: {fileID: 100286, guid: 35624369a0ed2834f9302bbda1bafb84, type: 3}
      propertyPath: m_Layer
      value: 9
      objectReference: {fileID: 0}
    - target: {fileID: 100008, guid: 35624369a0ed2834f9302bbda1bafb84, type: 3}
      propertyPath: m_Layer
      value: 9
      objectReference: {fileID: 0}
    - target: {fileID: 100650, guid: 35624369a0ed2834f9302bbda1bafb84, type: 3}
      propertyPath: m_Layer
      value: 9
      objectReference: {fileID: 0}
    - target: {fileID: 100014, guid: 35624369a0ed2834f9302bbda1bafb84, type: 3}
      propertyPath: m_Layer
      value: 9
      objectReference: {fileID: 0}
    - target: {fileID: 100240, guid: 35624369a0ed2834f9302bbda1bafb84, type: 3}
      propertyPath: m_Layer
      value: 9
      objectReference: {fileID: 0}
    - target: {fileID: 100006, guid: 35624369a0ed2834f9302bbda1bafb84, type: 3}
      propertyPath: m_Layer
      value: 9
      objectReference: {fileID: 0}
    - target: {fileID: 100332, guid: 35624369a0ed2834f9302bbda1bafb84, type: 3}
      propertyPath: m_Layer
      value: 9
      objectReference: {fileID: 0}
    - target: {fileID: 100694, guid: 35624369a0ed2834f9302bbda1bafb84, type: 3}
      propertyPath: m_Layer
      value: 9
      objectReference: {fileID: 0}
    - target: {fileID: 100228, guid: 35624369a0ed2834f9302bbda1bafb84, type: 3}
      propertyPath: m_Layer
      value: 9
      objectReference: {fileID: 0}
    - target: {fileID: 100292, guid: 35624369a0ed2834f9302bbda1bafb84, type: 3}
      propertyPath: m_Layer
      value: 9
      objectReference: {fileID: 0}
    - target: {fileID: 100692, guid: 35624369a0ed2834f9302bbda1bafb84, type: 3}
      propertyPath: m_Layer
      value: 9
      objectReference: {fileID: 0}
    - target: {fileID: 100318, guid: 35624369a0ed2834f9302bbda1bafb84, type: 3}
      propertyPath: m_Layer
      value: 9
      objectReference: {fileID: 0}
    - target: {fileID: 100174, guid: 35624369a0ed2834f9302bbda1bafb84, type: 3}
      propertyPath: m_Layer
      value: 9
      objectReference: {fileID: 0}
    - target: {fileID: 100150, guid: 35624369a0ed2834f9302bbda1bafb84, type: 3}
      propertyPath: m_Layer
      value: 9
      objectReference: {fileID: 0}
    - target: {fileID: 100634, guid: 35624369a0ed2834f9302bbda1bafb84, type: 3}
      propertyPath: m_Layer
      value: 9
      objectReference: {fileID: 0}
    - target: {fileID: 100600, guid: 35624369a0ed2834f9302bbda1bafb84, type: 3}
      propertyPath: m_Layer
      value: 9
      objectReference: {fileID: 0}
    - target: {fileID: 100124, guid: 35624369a0ed2834f9302bbda1bafb84, type: 3}
      propertyPath: m_Layer
      value: 9
      objectReference: {fileID: 0}
    - target: {fileID: 100266, guid: 35624369a0ed2834f9302bbda1bafb84, type: 3}
      propertyPath: m_Layer
      value: 9
      objectReference: {fileID: 0}
    - target: {fileID: 100396, guid: 35624369a0ed2834f9302bbda1bafb84, type: 3}
      propertyPath: m_Layer
      value: 9
      objectReference: {fileID: 0}
    - target: {fileID: 100594, guid: 35624369a0ed2834f9302bbda1bafb84, type: 3}
      propertyPath: m_Layer
      value: 9
      objectReference: {fileID: 0}
    - target: {fileID: 100358, guid: 35624369a0ed2834f9302bbda1bafb84, type: 3}
      propertyPath: m_Layer
      value: 9
      objectReference: {fileID: 0}
    - target: {fileID: 100638, guid: 35624369a0ed2834f9302bbda1bafb84, type: 3}
      propertyPath: m_Layer
      value: 9
      objectReference: {fileID: 0}
    - target: {fileID: 100324, guid: 35624369a0ed2834f9302bbda1bafb84, type: 3}
      propertyPath: m_Layer
      value: 9
      objectReference: {fileID: 0}
    - target: {fileID: 100408, guid: 35624369a0ed2834f9302bbda1bafb84, type: 3}
      propertyPath: m_Layer
      value: 9
      objectReference: {fileID: 0}
    - target: {fileID: 100628, guid: 35624369a0ed2834f9302bbda1bafb84, type: 3}
      propertyPath: m_Layer
      value: 9
      objectReference: {fileID: 0}
    - target: {fileID: 100500, guid: 35624369a0ed2834f9302bbda1bafb84, type: 3}
      propertyPath: m_Layer
      value: 9
      objectReference: {fileID: 0}
    - target: {fileID: 100236, guid: 35624369a0ed2834f9302bbda1bafb84, type: 3}
      propertyPath: m_Layer
      value: 9
      objectReference: {fileID: 0}
    - target: {fileID: 100160, guid: 35624369a0ed2834f9302bbda1bafb84, type: 3}
      propertyPath: m_Layer
      value: 9
      objectReference: {fileID: 0}
    - target: {fileID: 100166, guid: 35624369a0ed2834f9302bbda1bafb84, type: 3}
      propertyPath: m_Layer
      value: 9
      objectReference: {fileID: 0}
    - target: {fileID: 100364, guid: 35624369a0ed2834f9302bbda1bafb84, type: 3}
      propertyPath: m_Layer
      value: 9
      objectReference: {fileID: 0}
    - target: {fileID: 100520, guid: 35624369a0ed2834f9302bbda1bafb84, type: 3}
      propertyPath: m_Layer
      value: 9
      objectReference: {fileID: 0}
    - target: {fileID: 100094, guid: 35624369a0ed2834f9302bbda1bafb84, type: 3}
      propertyPath: m_Layer
      value: 9
      objectReference: {fileID: 0}
    - target: {fileID: 100460, guid: 35624369a0ed2834f9302bbda1bafb84, type: 3}
      propertyPath: m_Layer
      value: 9
      objectReference: {fileID: 0}
    - target: {fileID: 100168, guid: 35624369a0ed2834f9302bbda1bafb84, type: 3}
      propertyPath: m_Layer
      value: 9
      objectReference: {fileID: 0}
    - target: {fileID: 100468, guid: 35624369a0ed2834f9302bbda1bafb84, type: 3}
      propertyPath: m_Layer
      value: 9
      objectReference: {fileID: 0}
    - target: {fileID: 100458, guid: 35624369a0ed2834f9302bbda1bafb84, type: 3}
      propertyPath: m_Layer
      value: 9
      objectReference: {fileID: 0}
    - target: {fileID: 100700, guid: 35624369a0ed2834f9302bbda1bafb84, type: 3}
      propertyPath: m_Layer
      value: 9
      objectReference: {fileID: 0}
    - target: {fileID: 100696, guid: 35624369a0ed2834f9302bbda1bafb84, type: 3}
      propertyPath: m_Layer
      value: 9
      objectReference: {fileID: 0}
    - target: {fileID: 100682, guid: 35624369a0ed2834f9302bbda1bafb84, type: 3}
      propertyPath: m_Layer
      value: 9
      objectReference: {fileID: 0}
    - target: {fileID: 100672, guid: 35624369a0ed2834f9302bbda1bafb84, type: 3}
      propertyPath: m_Layer
      value: 9
      objectReference: {fileID: 0}
    - target: {fileID: 100222, guid: 35624369a0ed2834f9302bbda1bafb84, type: 3}
      propertyPath: m_Layer
      value: 9
      objectReference: {fileID: 0}
    - target: {fileID: 100088, guid: 35624369a0ed2834f9302bbda1bafb84, type: 3}
      propertyPath: m_Layer
      value: 9
      objectReference: {fileID: 0}
    - target: {fileID: 100086, guid: 35624369a0ed2834f9302bbda1bafb84, type: 3}
      propertyPath: m_Layer
      value: 9
      objectReference: {fileID: 0}
    - target: {fileID: 100316, guid: 35624369a0ed2834f9302bbda1bafb84, type: 3}
      propertyPath: m_Layer
      value: 9
      objectReference: {fileID: 0}
    - target: {fileID: 100274, guid: 35624369a0ed2834f9302bbda1bafb84, type: 3}
      propertyPath: m_Layer
      value: 9
      objectReference: {fileID: 0}
    - target: {fileID: 100232, guid: 35624369a0ed2834f9302bbda1bafb84, type: 3}
      propertyPath: m_Layer
      value: 9
      objectReference: {fileID: 0}
    - target: {fileID: 100056, guid: 35624369a0ed2834f9302bbda1bafb84, type: 3}
      propertyPath: m_Layer
      value: 9
      objectReference: {fileID: 0}
    - target: {fileID: 100424, guid: 35624369a0ed2834f9302bbda1bafb84, type: 3}
      propertyPath: m_Layer
      value: 9
      objectReference: {fileID: 0}
    - target: {fileID: 100122, guid: 35624369a0ed2834f9302bbda1bafb84, type: 3}
      propertyPath: m_Layer
      value: 9
      objectReference: {fileID: 0}
    - target: {fileID: 100078, guid: 35624369a0ed2834f9302bbda1bafb84, type: 3}
      propertyPath: m_Layer
      value: 9
      objectReference: {fileID: 0}
    - target: {fileID: 100538, guid: 35624369a0ed2834f9302bbda1bafb84, type: 3}
      propertyPath: m_Layer
      value: 9
      objectReference: {fileID: 0}
    - target: {fileID: 100386, guid: 35624369a0ed2834f9302bbda1bafb84, type: 3}
      propertyPath: m_Layer
      value: 9
      objectReference: {fileID: 0}
    - target: {fileID: 100454, guid: 35624369a0ed2834f9302bbda1bafb84, type: 3}
      propertyPath: m_Layer
      value: 9
      objectReference: {fileID: 0}
    - target: {fileID: 100494, guid: 35624369a0ed2834f9302bbda1bafb84, type: 3}
      propertyPath: m_Layer
      value: 9
      objectReference: {fileID: 0}
    - target: {fileID: 100660, guid: 35624369a0ed2834f9302bbda1bafb84, type: 3}
      propertyPath: m_Layer
      value: 9
      objectReference: {fileID: 0}
    - target: {fileID: 100304, guid: 35624369a0ed2834f9302bbda1bafb84, type: 3}
      propertyPath: m_Layer
      value: 9
      objectReference: {fileID: 0}
    - target: {fileID: 100110, guid: 35624369a0ed2834f9302bbda1bafb84, type: 3}
      propertyPath: m_Layer
      value: 9
      objectReference: {fileID: 0}
    - target: {fileID: 100590, guid: 35624369a0ed2834f9302bbda1bafb84, type: 3}
      propertyPath: m_Layer
      value: 9
      objectReference: {fileID: 0}
    - target: {fileID: 100352, guid: 35624369a0ed2834f9302bbda1bafb84, type: 3}
      propertyPath: m_Layer
      value: 9
      objectReference: {fileID: 0}
    - target: {fileID: 100380, guid: 35624369a0ed2834f9302bbda1bafb84, type: 3}
      propertyPath: m_Layer
      value: 9
      objectReference: {fileID: 0}
    - target: {fileID: 100698, guid: 35624369a0ed2834f9302bbda1bafb84, type: 3}
      propertyPath: m_Layer
      value: 9
      objectReference: {fileID: 0}
    - target: {fileID: 100208, guid: 35624369a0ed2834f9302bbda1bafb84, type: 3}
      propertyPath: m_Layer
      value: 9
      objectReference: {fileID: 0}
    - target: {fileID: 100098, guid: 35624369a0ed2834f9302bbda1bafb84, type: 3}
      propertyPath: m_Layer
      value: 9
      objectReference: {fileID: 0}
    - target: {fileID: 100216, guid: 35624369a0ed2834f9302bbda1bafb84, type: 3}
      propertyPath: m_Layer
      value: 9
      objectReference: {fileID: 0}
    - target: {fileID: 100100, guid: 35624369a0ed2834f9302bbda1bafb84, type: 3}
      propertyPath: m_Layer
      value: 9
      objectReference: {fileID: 0}
    - target: {fileID: 100400, guid: 35624369a0ed2834f9302bbda1bafb84, type: 3}
      propertyPath: m_Layer
      value: 9
      objectReference: {fileID: 0}
    - target: {fileID: 100310, guid: 35624369a0ed2834f9302bbda1bafb84, type: 3}
      propertyPath: m_Layer
      value: 9
      objectReference: {fileID: 0}
    - target: {fileID: 100552, guid: 35624369a0ed2834f9302bbda1bafb84, type: 3}
      propertyPath: m_Layer
      value: 9
      objectReference: {fileID: 0}
    - target: {fileID: 100270, guid: 35624369a0ed2834f9302bbda1bafb84, type: 3}
      propertyPath: m_Layer
      value: 9
      objectReference: {fileID: 0}
    - target: {fileID: 100116, guid: 35624369a0ed2834f9302bbda1bafb84, type: 3}
      propertyPath: m_Layer
      value: 9
      objectReference: {fileID: 0}
    - target: {fileID: 100004, guid: 35624369a0ed2834f9302bbda1bafb84, type: 3}
      propertyPath: m_Layer
      value: 9
      objectReference: {fileID: 0}
    - target: {fileID: 100296, guid: 35624369a0ed2834f9302bbda1bafb84, type: 3}
      propertyPath: m_Layer
      value: 9
      objectReference: {fileID: 0}
    - target: {fileID: 100262, guid: 35624369a0ed2834f9302bbda1bafb84, type: 3}
      propertyPath: m_Layer
      value: 9
      objectReference: {fileID: 0}
    - target: {fileID: 100024, guid: 35624369a0ed2834f9302bbda1bafb84, type: 3}
      propertyPath: m_Layer
      value: 9
      objectReference: {fileID: 0}
    - target: {fileID: 100338, guid: 35624369a0ed2834f9302bbda1bafb84, type: 3}
      propertyPath: m_Layer
      value: 9
      objectReference: {fileID: 0}
    - target: {fileID: 100622, guid: 35624369a0ed2834f9302bbda1bafb84, type: 3}
      propertyPath: m_Layer
      value: 9
      objectReference: {fileID: 0}
    - target: {fileID: 100268, guid: 35624369a0ed2834f9302bbda1bafb84, type: 3}
      propertyPath: m_Layer
      value: 9
      objectReference: {fileID: 0}
    - target: {fileID: 100126, guid: 35624369a0ed2834f9302bbda1bafb84, type: 3}
      propertyPath: m_Layer
      value: 9
      objectReference: {fileID: 0}
    - target: {fileID: 100496, guid: 35624369a0ed2834f9302bbda1bafb84, type: 3}
      propertyPath: m_Layer
      value: 9
      objectReference: {fileID: 0}
    - target: {fileID: 100096, guid: 35624369a0ed2834f9302bbda1bafb84, type: 3}
      propertyPath: m_Layer
      value: 9
      objectReference: {fileID: 0}
    - target: {fileID: 100064, guid: 35624369a0ed2834f9302bbda1bafb84, type: 3}
      propertyPath: m_Layer
      value: 9
      objectReference: {fileID: 0}
    - target: {fileID: 100416, guid: 35624369a0ed2834f9302bbda1bafb84, type: 3}
      propertyPath: m_Layer
      value: 9
      objectReference: {fileID: 0}
    - target: {fileID: 100196, guid: 35624369a0ed2834f9302bbda1bafb84, type: 3}
      propertyPath: m_Layer
      value: 9
      objectReference: {fileID: 0}
    - target: {fileID: 100158, guid: 35624369a0ed2834f9302bbda1bafb84, type: 3}
      propertyPath: m_Layer
      value: 9
      objectReference: {fileID: 0}
    - target: {fileID: 100658, guid: 35624369a0ed2834f9302bbda1bafb84, type: 3}
      propertyPath: m_Layer
      value: 9
      objectReference: {fileID: 0}
    - target: {fileID: 100164, guid: 35624369a0ed2834f9302bbda1bafb84, type: 3}
      propertyPath: m_Layer
      value: 9
      objectReference: {fileID: 0}
    - target: {fileID: 100536, guid: 35624369a0ed2834f9302bbda1bafb84, type: 3}
      propertyPath: m_Layer
      value: 9
      objectReference: {fileID: 0}
    - target: {fileID: 100106, guid: 35624369a0ed2834f9302bbda1bafb84, type: 3}
      propertyPath: m_Layer
      value: 9
      objectReference: {fileID: 0}
    - target: {fileID: 100038, guid: 35624369a0ed2834f9302bbda1bafb84, type: 3}
      propertyPath: m_Layer
      value: 9
      objectReference: {fileID: 0}
    - target: {fileID: 100068, guid: 35624369a0ed2834f9302bbda1bafb84, type: 3}
      propertyPath: m_Layer
      value: 9
      objectReference: {fileID: 0}
    - target: {fileID: 100330, guid: 35624369a0ed2834f9302bbda1bafb84, type: 3}
      propertyPath: m_Layer
      value: 9
      objectReference: {fileID: 0}
    - target: {fileID: 100144, guid: 35624369a0ed2834f9302bbda1bafb84, type: 3}
      propertyPath: m_Layer
      value: 9
      objectReference: {fileID: 0}
    - target: {fileID: 100518, guid: 35624369a0ed2834f9302bbda1bafb84, type: 3}
      propertyPath: m_Layer
      value: 9
      objectReference: {fileID: 0}
    - target: {fileID: 100082, guid: 35624369a0ed2834f9302bbda1bafb84, type: 3}
      propertyPath: m_Layer
      value: 9
      objectReference: {fileID: 0}
    - target: {fileID: 100676, guid: 35624369a0ed2834f9302bbda1bafb84, type: 3}
      propertyPath: m_Layer
      value: 9
      objectReference: {fileID: 0}
    - target: {fileID: 100476, guid: 35624369a0ed2834f9302bbda1bafb84, type: 3}
      propertyPath: m_Layer
      value: 9
      objectReference: {fileID: 0}
    - target: {fileID: 100246, guid: 35624369a0ed2834f9302bbda1bafb84, type: 3}
      propertyPath: m_Layer
      value: 9
      objectReference: {fileID: 0}
    - target: {fileID: 100544, guid: 35624369a0ed2834f9302bbda1bafb84, type: 3}
      propertyPath: m_Layer
      value: 9
      objectReference: {fileID: 0}
    - target: {fileID: 100558, guid: 35624369a0ed2834f9302bbda1bafb84, type: 3}
      propertyPath: m_Layer
      value: 9
      objectReference: {fileID: 0}
    - target: {fileID: 100540, guid: 35624369a0ed2834f9302bbda1bafb84, type: 3}
      propertyPath: m_Layer
      value: 9
      objectReference: {fileID: 0}
    - target: {fileID: 100432, guid: 35624369a0ed2834f9302bbda1bafb84, type: 3}
      propertyPath: m_Layer
      value: 9
      objectReference: {fileID: 0}
    - target: {fileID: 100226, guid: 35624369a0ed2834f9302bbda1bafb84, type: 3}
      propertyPath: m_Layer
      value: 9
      objectReference: {fileID: 0}
    - target: {fileID: 100044, guid: 35624369a0ed2834f9302bbda1bafb84, type: 3}
      propertyPath: m_Layer
      value: 9
      objectReference: {fileID: 0}
    - target: {fileID: 100524, guid: 35624369a0ed2834f9302bbda1bafb84, type: 3}
      propertyPath: m_Layer
      value: 9
      objectReference: {fileID: 0}
    - target: {fileID: 100308, guid: 35624369a0ed2834f9302bbda1bafb84, type: 3}
      propertyPath: m_Layer
      value: 9
      objectReference: {fileID: 0}
    - target: {fileID: 100066, guid: 35624369a0ed2834f9302bbda1bafb84, type: 3}
      propertyPath: m_Layer
      value: 9
      objectReference: {fileID: 0}
    - target: {fileID: 100378, guid: 35624369a0ed2834f9302bbda1bafb84, type: 3}
      propertyPath: m_Layer
      value: 9
      objectReference: {fileID: 0}
    - target: {fileID: 100606, guid: 35624369a0ed2834f9302bbda1bafb84, type: 3}
      propertyPath: m_Layer
      value: 9
      objectReference: {fileID: 0}
    - target: {fileID: 100506, guid: 35624369a0ed2834f9302bbda1bafb84, type: 3}
      propertyPath: m_Layer
      value: 9
      objectReference: {fileID: 0}
    - target: {fileID: 100090, guid: 35624369a0ed2834f9302bbda1bafb84, type: 3}
      propertyPath: m_Layer
      value: 9
      objectReference: {fileID: 0}
    - target: {fileID: 100404, guid: 35624369a0ed2834f9302bbda1bafb84, type: 3}
      propertyPath: m_Layer
      value: 9
      objectReference: {fileID: 0}
    - target: {fileID: 100360, guid: 35624369a0ed2834f9302bbda1bafb84, type: 3}
      propertyPath: m_Layer
      value: 9
      objectReference: {fileID: 0}
    - target: {fileID: 100016, guid: 35624369a0ed2834f9302bbda1bafb84, type: 3}
      propertyPath: m_Layer
      value: 9
      objectReference: {fileID: 0}
    - target: {fileID: 100394, guid: 35624369a0ed2834f9302bbda1bafb84, type: 3}
      propertyPath: m_Layer
      value: 9
      objectReference: {fileID: 0}
    - target: {fileID: 100070, guid: 35624369a0ed2834f9302bbda1bafb84, type: 3}
      propertyPath: m_Layer
      value: 9
      objectReference: {fileID: 0}
    - target: {fileID: 100556, guid: 35624369a0ed2834f9302bbda1bafb84, type: 3}
      propertyPath: m_Layer
      value: 9
      objectReference: {fileID: 0}
    - target: {fileID: 100434, guid: 35624369a0ed2834f9302bbda1bafb84, type: 3}
      propertyPath: m_Layer
      value: 9
      objectReference: {fileID: 0}
    - target: {fileID: 100510, guid: 35624369a0ed2834f9302bbda1bafb84, type: 3}
      propertyPath: m_Layer
      value: 9
      objectReference: {fileID: 0}
    - target: {fileID: 100456, guid: 35624369a0ed2834f9302bbda1bafb84, type: 3}
      propertyPath: m_Layer
      value: 9
      objectReference: {fileID: 0}
    - target: {fileID: 100042, guid: 35624369a0ed2834f9302bbda1bafb84, type: 3}
      propertyPath: m_Layer
      value: 9
      objectReference: {fileID: 0}
    - target: {fileID: 100264, guid: 35624369a0ed2834f9302bbda1bafb84, type: 3}
      propertyPath: m_Layer
      value: 9
      objectReference: {fileID: 0}
    - target: {fileID: 100036, guid: 35624369a0ed2834f9302bbda1bafb84, type: 3}
      propertyPath: m_Layer
      value: 9
      objectReference: {fileID: 0}
    - target: {fileID: 100702, guid: 35624369a0ed2834f9302bbda1bafb84, type: 3}
      propertyPath: m_Layer
      value: 9
      objectReference: {fileID: 0}
    - target: {fileID: 100182, guid: 35624369a0ed2834f9302bbda1bafb84, type: 3}
      propertyPath: m_Layer
      value: 9
      objectReference: {fileID: 0}
    - target: {fileID: 100374, guid: 35624369a0ed2834f9302bbda1bafb84, type: 3}
      propertyPath: m_Layer
      value: 9
      objectReference: {fileID: 0}
    - target: {fileID: 100204, guid: 35624369a0ed2834f9302bbda1bafb84, type: 3}
      propertyPath: m_Layer
      value: 9
      objectReference: {fileID: 0}
    - target: {fileID: 100336, guid: 35624369a0ed2834f9302bbda1bafb84, type: 3}
      propertyPath: m_Layer
      value: 9
      objectReference: {fileID: 0}
    - target: {fileID: 100276, guid: 35624369a0ed2834f9302bbda1bafb84, type: 3}
      propertyPath: m_Layer
      value: 9
      objectReference: {fileID: 0}
    - target: {fileID: 100574, guid: 35624369a0ed2834f9302bbda1bafb84, type: 3}
      propertyPath: m_Layer
      value: 9
      objectReference: {fileID: 0}
    - target: {fileID: 100528, guid: 35624369a0ed2834f9302bbda1bafb84, type: 3}
      propertyPath: m_Layer
      value: 9
      objectReference: {fileID: 0}
    - target: {fileID: 100002, guid: 35624369a0ed2834f9302bbda1bafb84, type: 3}
      propertyPath: m_Layer
      value: 9
      objectReference: {fileID: 0}
    - target: {fileID: 100282, guid: 35624369a0ed2834f9302bbda1bafb84, type: 3}
      propertyPath: m_Layer
      value: 9
      objectReference: {fileID: 0}
    - target: {fileID: 100406, guid: 35624369a0ed2834f9302bbda1bafb84, type: 3}
      propertyPath: m_Layer
      value: 9
      objectReference: {fileID: 0}
    - target: {fileID: 100198, guid: 35624369a0ed2834f9302bbda1bafb84, type: 3}
      propertyPath: m_Layer
      value: 9
      objectReference: {fileID: 0}
    - target: {fileID: 100112, guid: 35624369a0ed2834f9302bbda1bafb84, type: 3}
      propertyPath: m_Layer
      value: 9
      objectReference: {fileID: 0}
    - target: {fileID: 100526, guid: 35624369a0ed2834f9302bbda1bafb84, type: 3}
      propertyPath: m_Layer
      value: 9
      objectReference: {fileID: 0}
    - target: {fileID: 100120, guid: 35624369a0ed2834f9302bbda1bafb84, type: 3}
      propertyPath: m_Layer
      value: 9
      objectReference: {fileID: 0}
    - target: {fileID: 100684, guid: 35624369a0ed2834f9302bbda1bafb84, type: 3}
      propertyPath: m_Layer
      value: 9
      objectReference: {fileID: 0}
    - target: {fileID: 100148, guid: 35624369a0ed2834f9302bbda1bafb84, type: 3}
      propertyPath: m_Layer
      value: 9
      objectReference: {fileID: 0}
    - target: {fileID: 100512, guid: 35624369a0ed2834f9302bbda1bafb84, type: 3}
      propertyPath: m_Layer
      value: 9
      objectReference: {fileID: 0}
    - target: {fileID: 100022, guid: 35624369a0ed2834f9302bbda1bafb84, type: 3}
      propertyPath: m_Layer
      value: 9
      objectReference: {fileID: 0}
    - target: {fileID: 100636, guid: 35624369a0ed2834f9302bbda1bafb84, type: 3}
      propertyPath: m_Layer
      value: 9
      objectReference: {fileID: 0}
    - target: {fileID: 100402, guid: 35624369a0ed2834f9302bbda1bafb84, type: 3}
      propertyPath: m_Layer
      value: 9
      objectReference: {fileID: 0}
    - target: {fileID: 100596, guid: 35624369a0ed2834f9302bbda1bafb84, type: 3}
      propertyPath: m_Layer
      value: 9
      objectReference: {fileID: 0}
    - target: {fileID: 100230, guid: 35624369a0ed2834f9302bbda1bafb84, type: 3}
      propertyPath: m_Layer
      value: 9
      objectReference: {fileID: 0}
    - target: {fileID: 100356, guid: 35624369a0ed2834f9302bbda1bafb84, type: 3}
      propertyPath: m_Layer
      value: 9
      objectReference: {fileID: 0}
    - target: {fileID: 100344, guid: 35624369a0ed2834f9302bbda1bafb84, type: 3}
      propertyPath: m_Layer
      value: 9
      objectReference: {fileID: 0}
    - target: {fileID: 100306, guid: 35624369a0ed2834f9302bbda1bafb84, type: 3}
      propertyPath: m_Layer
      value: 9
      objectReference: {fileID: 0}
    - target: {fileID: 100664, guid: 35624369a0ed2834f9302bbda1bafb84, type: 3}
      propertyPath: m_Layer
      value: 9
      objectReference: {fileID: 0}
    - target: {fileID: 100060, guid: 35624369a0ed2834f9302bbda1bafb84, type: 3}
      propertyPath: m_Layer
      value: 9
      objectReference: {fileID: 0}
    - target: {fileID: 100576, guid: 35624369a0ed2834f9302bbda1bafb84, type: 3}
      propertyPath: m_Layer
      value: 9
      objectReference: {fileID: 0}
    - target: {fileID: 100242, guid: 35624369a0ed2834f9302bbda1bafb84, type: 3}
      propertyPath: m_Layer
      value: 9
      objectReference: {fileID: 0}
    - target: {fileID: 100640, guid: 35624369a0ed2834f9302bbda1bafb84, type: 3}
      propertyPath: m_Layer
      value: 9
      objectReference: {fileID: 0}
    - target: {fileID: 100656, guid: 35624369a0ed2834f9302bbda1bafb84, type: 3}
      propertyPath: m_Layer
      value: 9
      objectReference: {fileID: 0}
    - target: {fileID: 100138, guid: 35624369a0ed2834f9302bbda1bafb84, type: 3}
      propertyPath: m_Layer
      value: 9
      objectReference: {fileID: 0}
    m_RemovedComponents: []
  m_ParentPrefab: {fileID: 100100000, guid: 35624369a0ed2834f9302bbda1bafb84, type: 3}
  m_IsPrefabParent: 0
--- !u!1 &502629480
GameObject:
  m_ObjectHideFlags: 0
  m_PrefabParentObject: {fileID: 0}
  m_PrefabInternal: {fileID: 0}
  serializedVersion: 5
  m_Component:
  - component: {fileID: 502629482}
  - component: {fileID: 502629481}
  m_Layer: 0
  m_Name: Directional Light
  m_TagString: Untagged
  m_Icon: {fileID: 0}
  m_NavMeshLayer: 0
  m_StaticEditorFlags: 0
  m_IsActive: 1
--- !u!108 &502629481
Light:
  m_ObjectHideFlags: 0
  m_PrefabParentObject: {fileID: 0}
  m_PrefabInternal: {fileID: 0}
  m_GameObject: {fileID: 502629480}
  m_Enabled: 1
  serializedVersion: 8
  m_Type: 1
  m_Color: {r: 1, g: 1, b: 1, a: 1}
  m_Intensity: 1
  m_Range: 10
  m_SpotAngle: 30
  m_CookieSize: 10
  m_Shadows:
    m_Type: 0
    m_Resolution: -1
    m_CustomResolution: -1
    m_Strength: 1
    m_Bias: 0.05
    m_NormalBias: 0.4
    m_NearPlane: 0.2
  m_Cookie: {fileID: 0}
  m_DrawHalo: 0
  m_Flare: {fileID: 0}
  m_RenderMode: 0
  m_CullingMask:
    serializedVersion: 2
    m_Bits: 4294967295
  m_Lightmapping: 4
  m_AreaSize: {x: 1, y: 1}
  m_BounceIntensity: 1
  m_ColorTemperature: 6570
  m_UseColorTemperature: 0
  m_ShadowRadius: 0
  m_ShadowAngle: 0
--- !u!4 &502629482
Transform:
  m_ObjectHideFlags: 0
  m_PrefabParentObject: {fileID: 0}
  m_PrefabInternal: {fileID: 0}
  m_GameObject: {fileID: 502629480}
  m_LocalRotation: {x: 0.28309074, y: 0.13340603, z: -0.01023914, w: 0.94971454}
  m_LocalPosition: {x: 0, y: 1.24, z: 2.21}
  m_LocalScale: {x: 1, y: 1, z: 1}
  m_Children: []
  m_Father: {fileID: 0}
  m_RootOrder: 4
  m_LocalEulerAnglesHint: {x: 32.714, y: 17.114, z: 3.8220003}
--- !u!1 &705514499
GameObject:
  m_ObjectHideFlags: 0
  m_PrefabParentObject: {fileID: 0}
  m_PrefabInternal: {fileID: 0}
  serializedVersion: 5
  m_Component:
  - component: {fileID: 705514500}
  - component: {fileID: 705514503}
  - component: {fileID: 705514502}
  - component: {fileID: 705514501}
  m_Layer: 0
  m_Name: Sphere
  m_TagString: Untagged
  m_Icon: {fileID: 0}
  m_NavMeshLayer: 0
  m_StaticEditorFlags: 0
  m_IsActive: 1
--- !u!4 &705514500
Transform:
  m_ObjectHideFlags: 0
  m_PrefabParentObject: {fileID: 0}
  m_PrefabInternal: {fileID: 0}
  m_GameObject: {fileID: 705514499}
  m_LocalRotation: {x: -0, y: -0, z: -0, w: 1}
  m_LocalPosition: {x: 0, y: 0, z: 0}
  m_LocalScale: {x: 0.5, y: 0.5, z: 0.5}
  m_Children: []
  m_Father: {fileID: 1844908280}
  m_RootOrder: 0
  m_LocalEulerAnglesHint: {x: 0, y: 0, z: 0}
--- !u!23 &705514501
MeshRenderer:
  m_ObjectHideFlags: 0
  m_PrefabParentObject: {fileID: 0}
  m_PrefabInternal: {fileID: 0}
  m_GameObject: {fileID: 705514499}
  m_Enabled: 1
  m_CastShadows: 1
  m_ReceiveShadows: 1
  m_DynamicOccludee: 1
  m_MotionVectors: 1
  m_LightProbeUsage: 1
  m_ReflectionProbeUsage: 1
  m_Materials:
  - {fileID: 10303, guid: 0000000000000000f000000000000000, type: 0}
  m_StaticBatchInfo:
    firstSubMesh: 0
    subMeshCount: 0
  m_StaticBatchRoot: {fileID: 0}
  m_ProbeAnchor: {fileID: 0}
  m_LightProbeVolumeOverride: {fileID: 0}
  m_ScaleInLightmap: 1
  m_PreserveUVs: 1
  m_IgnoreNormalsForChartDetection: 0
  m_ImportantGI: 0
  m_StitchLightmapSeams: 0
  m_SelectedEditorRenderState: 3
  m_MinimumChartSize: 4
  m_AutoUVMaxDistance: 0.5
  m_AutoUVMaxAngle: 89
  m_LightmapParameters: {fileID: 0}
  m_SortingLayerID: 0
  m_SortingLayer: 0
  m_SortingOrder: 0
--- !u!135 &705514502
SphereCollider:
  m_ObjectHideFlags: 0
  m_PrefabParentObject: {fileID: 0}
  m_PrefabInternal: {fileID: 0}
  m_GameObject: {fileID: 705514499}
  m_Material: {fileID: 0}
  m_IsTrigger: 0
  m_Enabled: 1
  serializedVersion: 2
  m_Radius: 0.5
  m_Center: {x: 0, y: 0, z: 0}
--- !u!33 &705514503
MeshFilter:
  m_ObjectHideFlags: 0
  m_PrefabParentObject: {fileID: 0}
  m_PrefabInternal: {fileID: 0}
  m_GameObject: {fileID: 705514499}
  m_Mesh: {fileID: 10207, guid: 0000000000000000e000000000000000, type: 0}
--- !u!43 &818064682
Mesh:
  m_ObjectHideFlags: 0
  m_PrefabParentObject: {fileID: 0}
  m_PrefabInternal: {fileID: 0}
  m_Name: 
  serializedVersion: 8
  m_SubMeshes:
  - serializedVersion: 2
    firstByte: 0
    indexCount: 6
    topology: 0
    firstVertex: 0
    vertexCount: 4
    localAABB:
      m_Center: {x: 0, y: 0, z: 0}
      m_Extent: {x: 0.3534568, y: 0, z: 0.5}
  m_Shapes:
    vertices: []
    shapes: []
    channels: []
    fullWeights: []
  m_BindPose: []
  m_BoneNameHashes: 
  m_RootBoneNameHash: 0
  m_MeshCompression: 0
  m_IsReadable: 1
  m_KeepVertices: 1
  m_KeepIndices: 1
  m_IndexBuffer: 000001000200020001000300
  m_Skin: []
  m_VertexData:
    m_CurrentChannels: 11
    m_VertexCount: 4
    m_Channels:
    - stream: 0
      offset: 0
      format: 0
      dimension: 3
    - stream: 0
      offset: 12
      format: 0
      dimension: 3
    - stream: 0
      offset: 0
      format: 0
      dimension: 0
    - stream: 0
      offset: 24
      format: 0
      dimension: 2
    - stream: 0
      offset: 0
      format: 0
      dimension: 0
    - stream: 0
      offset: 0
      format: 0
      dimension: 0
    - stream: 0
      offset: 0
      format: 0
      dimension: 0
    - stream: 0
      offset: 0
      format: 0
      dimension: 0
    m_DataSize: 128
    _typelessdata: 4af8b4be00000000000000bf000000000000803f0000000000000000000000004af8b4be000000000000003f000000000000803f00000000000000000000803f4af8b43e00000000000000bf000000000000803f000000000000803f000000004af8b43e000000000000003f000000000000803f000000000000803f0000803f
  m_CompressedMesh:
    m_Vertices:
      m_NumItems: 0
      m_Range: 0
      m_Start: 0
      m_Data: 
      m_BitSize: 0
    m_UV:
      m_NumItems: 0
      m_Range: 0
      m_Start: 0
      m_Data: 
      m_BitSize: 0
    m_Normals:
      m_NumItems: 0
      m_Range: 0
      m_Start: 0
      m_Data: 
      m_BitSize: 0
    m_Tangents:
      m_NumItems: 0
      m_Range: 0
      m_Start: 0
      m_Data: 
      m_BitSize: 0
    m_Weights:
      m_NumItems: 0
      m_Data: 
      m_BitSize: 0
    m_NormalSigns:
      m_NumItems: 0
      m_Data: 
      m_BitSize: 0
    m_TangentSigns:
      m_NumItems: 0
      m_Data: 
      m_BitSize: 0
    m_FloatColors:
      m_NumItems: 0
      m_Range: 0
      m_Start: 0
      m_Data: 
      m_BitSize: 0
    m_BoneIndices:
      m_NumItems: 0
      m_Data: 
      m_BitSize: 0
    m_Triangles:
      m_NumItems: 0
      m_Data: 
      m_BitSize: 0
    m_UVInfo: 0
  m_LocalAABB:
    m_Center: {x: 0, y: 0, z: 0}
    m_Extent: {x: 0.5, y: 0, z: 0.5}
  m_MeshUsageFlags: 0
  m_BakedConvexCollisionMesh: 
  m_BakedTriangleCollisionMesh: 
  m_MeshOptimized: 0
--- !u!1 &920802490
GameObject:
  m_ObjectHideFlags: 0
  m_PrefabParentObject: {fileID: 0}
  m_PrefabInternal: {fileID: 0}
  serializedVersion: 5
  m_Component:
  - component: {fileID: 920802492}
  - component: {fileID: 920802491}
  m_Layer: 0
  m_Name: CameraParent
  m_TagString: Untagged
  m_Icon: {fileID: 0}
  m_NavMeshLayer: 0
  m_StaticEditorFlags: 0
  m_IsActive: 0
--- !u!114 &920802491
MonoBehaviour:
  m_ObjectHideFlags: 0
  m_PrefabParentObject: {fileID: 0}
  m_PrefabInternal: {fileID: 0}
  m_GameObject: {fileID: 920802490}
  m_Enabled: 1
  m_EditorHideFlags: 0
  m_Script: {fileID: 11500000, guid: 0c371da06b0073f469164593654fe8cc, type: 3}
  m_Name: 
  m_EditorClassIdentifier: 
  lookSpeed: 0.3
  walkSpeed: 3
  cameraTransform: {fileID: 0}
--- !u!4 &920802492
Transform:
  m_ObjectHideFlags: 0
  m_PrefabParentObject: {fileID: 0}
  m_PrefabInternal: {fileID: 0}
  m_GameObject: {fileID: 920802490}
  m_LocalRotation: {x: 0, y: 0, z: 0, w: 1}
  m_LocalPosition: {x: 0, y: 1.6, z: 0}
  m_LocalScale: {x: 1, y: 1, z: 1}
  m_Children: []
  m_Father: {fileID: 0}
  m_RootOrder: 1
  m_LocalEulerAnglesHint: {x: 0, y: 0, z: 0}
--- !u!1 &1507481438 stripped
GameObject:
  m_PrefabParentObject: {fileID: 1000012072213228, guid: a611e772ef8ddf64d8106a9cbb70f31c,
    type: 2}
  m_PrefabInternal: {fileID: 1777292656}
--- !u!1 &1530987893
GameObject:
  m_ObjectHideFlags: 0
  m_PrefabParentObject: {fileID: 0}
  m_PrefabInternal: {fileID: 0}
  serializedVersion: 5
  m_Component:
  - component: {fileID: 1530987896}
  - component: {fileID: 1530987895}
  - component: {fileID: 1530987894}
  m_Layer: 0
  m_Name: VoiceControl
  m_TagString: Untagged
  m_Icon: {fileID: 0}
  m_NavMeshLayer: 0
  m_StaticEditorFlags: 0
  m_IsActive: 1
--- !u!114 &1530987894
MonoBehaviour:
  m_ObjectHideFlags: 0
  m_PrefabParentObject: {fileID: 0}
  m_PrefabInternal: {fileID: 0}
  m_GameObject: {fileID: 1530987893}
  m_Enabled: 1
  m_EditorHideFlags: 0
  m_Script: {fileID: 11500000, guid: c62fd7a55ba7458499b69cae18f83806, type: 3}
  m_Name: 
  m_EditorClassIdentifier: 
  PersistentKeywords: 1
  RecognizerStart: 0
  Keywords:
  - Keyword: Continue
    KeyCode: 0
  recognitionConfidenceLevel: 0
--- !u!114 &1530987895
MonoBehaviour:
  m_ObjectHideFlags: 0
  m_PrefabParentObject: {fileID: 0}
  m_PrefabInternal: {fileID: 0}
  m_GameObject: {fileID: 1530987893}
  m_Enabled: 1
  m_EditorHideFlags: 0
  m_Script: {fileID: 11500000, guid: e7d6513c2cdf97f409654a2a4114d9b1, type: 3}
  m_Name: 
  m_EditorClassIdentifier: 
  Keywords:
  - Keyword: Continue
    Response:
      m_PersistentCalls:
        m_Calls:
        - m_Target: {fileID: 0}
          m_MethodName: PressedButton
          m_Mode: 3
          m_Arguments:
            m_ObjectArgument: {fileID: 0}
            m_ObjectArgumentAssemblyTypeName: UnityEngine.Object, UnityEngine
            m_IntArgument: 1
            m_FloatArgument: 0
            m_StringArgument: 
            m_BoolArgument: 0
          m_CallState: 2
      m_TypeName: UnityEngine.Events.UnityEvent, UnityEngine.CoreModule, Version=0.0.0.0,
        Culture=neutral, PublicKeyToken=null
  IsGlobalListener: 1
  PersistentKeywords: 1
--- !u!4 &1530987896
Transform:
  m_ObjectHideFlags: 0
  m_PrefabParentObject: {fileID: 0}
  m_PrefabInternal: {fileID: 0}
  m_GameObject: {fileID: 1530987893}
  m_LocalRotation: {x: 0, y: 0, z: 0, w: 1}
  m_LocalPosition: {x: -2.6483765, y: 1.5610352, z: 4.2890625}
  m_LocalScale: {x: 1, y: 1, z: 1}
  m_Children: []
  m_Father: {fileID: 0}
  m_RootOrder: 6
  m_LocalEulerAnglesHint: {x: 0, y: 0, z: 0}
--- !u!1 &1642542334
GameObject:
  m_ObjectHideFlags: 0
  m_PrefabParentObject: {fileID: 0}
  m_PrefabInternal: {fileID: 0}
  serializedVersion: 5
  m_Component:
  - component: {fileID: 1642542336}
  - component: {fileID: 1642542335}
  m_Layer: 0
  m_Name: PosterTest
  m_TagString: Untagged
  m_Icon: {fileID: 0}
  m_NavMeshLayer: 0
  m_StaticEditorFlags: 0
  m_IsActive: 1
--- !u!114 &1642542335
MonoBehaviour:
  m_ObjectHideFlags: 0
  m_PrefabParentObject: {fileID: 0}
  m_PrefabInternal: {fileID: 0}
  m_GameObject: {fileID: 1642542334}
  m_Enabled: 1
  m_EditorHideFlags: 0
  m_Script: {fileID: 11500000, guid: cda9b9ee206bef446800840fd2ffffc4, type: 3}
  m_Name: 
  m_EditorClassIdentifier: 
  characterManagerPrefab: {fileID: 114961334853492680, guid: 988b5cf2873c2a44b80e7e685ec64d7e,
    type: 2}
--- !u!4 &1642542336
Transform:
  m_ObjectHideFlags: 0
  m_PrefabParentObject: {fileID: 0}
  m_PrefabInternal: {fileID: 0}
  m_GameObject: {fileID: 1642542334}
  m_LocalRotation: {x: -0, y: -0, z: -0, w: 1}
  m_LocalPosition: {x: 0, y: -0.52, z: 3}
  m_LocalScale: {x: 1, y: 1, z: 1}
  m_Children: []
  m_Father: {fileID: 0}
  m_RootOrder: 9
  m_LocalEulerAnglesHint: {x: 0, y: 0, z: 0}
--- !u!1001 &1777292656
Prefab:
  m_ObjectHideFlags: 0
  serializedVersion: 2
  m_Modification:
    m_TransformParent: {fileID: 0}
    m_Modifications:
    - target: {fileID: 4000011792100794, guid: a611e772ef8ddf64d8106a9cbb70f31c, type: 2}
      propertyPath: m_LocalPosition.x
      value: 0
      objectReference: {fileID: 0}
    - target: {fileID: 4000011792100794, guid: a611e772ef8ddf64d8106a9cbb70f31c, type: 2}
      propertyPath: m_LocalPosition.y
      value: 0
      objectReference: {fileID: 0}
    - target: {fileID: 4000011792100794, guid: a611e772ef8ddf64d8106a9cbb70f31c, type: 2}
      propertyPath: m_LocalPosition.z
      value: 0
      objectReference: {fileID: 0}
    - target: {fileID: 4000011792100794, guid: a611e772ef8ddf64d8106a9cbb70f31c, type: 2}
      propertyPath: m_LocalRotation.x
      value: 0
      objectReference: {fileID: 0}
    - target: {fileID: 4000011792100794, guid: a611e772ef8ddf64d8106a9cbb70f31c, type: 2}
      propertyPath: m_LocalRotation.y
      value: 0
      objectReference: {fileID: 0}
    - target: {fileID: 4000011792100794, guid: a611e772ef8ddf64d8106a9cbb70f31c, type: 2}
      propertyPath: m_LocalRotation.z
      value: 0
      objectReference: {fileID: 0}
    - target: {fileID: 4000011792100794, guid: a611e772ef8ddf64d8106a9cbb70f31c, type: 2}
      propertyPath: m_LocalRotation.w
      value: 1
      objectReference: {fileID: 0}
    - target: {fileID: 4000011792100794, guid: a611e772ef8ddf64d8106a9cbb70f31c, type: 2}
      propertyPath: m_RootOrder
      value: 3
      objectReference: {fileID: 0}
    - target: {fileID: 114611684728110934, guid: a611e772ef8ddf64d8106a9cbb70f31c,
        type: 2}
      propertyPath: MinCursorDistance
      value: 2
      objectReference: {fileID: 0}
    m_RemovedComponents: []
  m_ParentPrefab: {fileID: 100100000, guid: a611e772ef8ddf64d8106a9cbb70f31c, type: 2}
  m_IsPrefabParent: 0
--- !u!1 &1844908274
GameObject:
  m_ObjectHideFlags: 0
  m_PrefabParentObject: {fileID: 0}
  m_PrefabInternal: {fileID: 0}
  serializedVersion: 5
  m_Component:
  - component: {fileID: 1844908280}
  - component: {fileID: 1844908279}
  - component: {fileID: 1844908278}
  - component: {fileID: 1844908277}
  - component: {fileID: 1844908276}
  - component: {fileID: 1844908275}
  m_Layer: 0
  m_Name: ImageTarget
  m_TagString: Untagged
  m_Icon: {fileID: 0}
  m_NavMeshLayer: 0
  m_StaticEditorFlags: 0
  m_IsActive: 1
--- !u!33 &1844908275
MeshFilter:
  m_ObjectHideFlags: 0
  m_PrefabParentObject: {fileID: 0}
  m_PrefabInternal: {fileID: 0}
  m_GameObject: {fileID: 1844908274}
  m_Mesh: {fileID: 818064682}
--- !u!23 &1844908276
MeshRenderer:
  m_ObjectHideFlags: 0
  m_PrefabParentObject: {fileID: 0}
  m_PrefabInternal: {fileID: 0}
  m_GameObject: {fileID: 1844908274}
  m_Enabled: 1
  m_CastShadows: 1
  m_ReceiveShadows: 1
  m_DynamicOccludee: 1
  m_MotionVectors: 1
  m_LightProbeUsage: 0
  m_ReflectionProbeUsage: 1
  m_Materials:
  - {fileID: 378637399}
  m_StaticBatchInfo:
    firstSubMesh: 0
    subMeshCount: 0
  m_StaticBatchRoot: {fileID: 0}
  m_ProbeAnchor: {fileID: 0}
  m_LightProbeVolumeOverride: {fileID: 0}
  m_ScaleInLightmap: 1
  m_PreserveUVs: 0
  m_IgnoreNormalsForChartDetection: 0
  m_ImportantGI: 0
  m_StitchLightmapSeams: 0
  m_SelectedEditorRenderState: 3
  m_MinimumChartSize: 4
  m_AutoUVMaxDistance: 0.5
  m_AutoUVMaxAngle: 89
  m_LightmapParameters: {fileID: 0}
  m_SortingLayerID: 0
  m_SortingLayer: 0
  m_SortingOrder: 0
--- !u!114 &1844908277
MonoBehaviour:
  m_ObjectHideFlags: 0
  m_PrefabParentObject: {fileID: 0}
  m_PrefabInternal: {fileID: 0}
  m_GameObject: {fileID: 1844908274}
  m_Enabled: 1
  m_EditorHideFlags: 0
  m_Script: {fileID: -1770992566, guid: 1e108ae5f2133934f948edded555f03e, type: 3}
  m_Name: 
  m_EditorClassIdentifier: 
--- !u!114 &1844908278
MonoBehaviour:
  m_ObjectHideFlags: 0
  m_PrefabParentObject: {fileID: 0}
  m_PrefabInternal: {fileID: 0}
  m_GameObject: {fileID: 1844908274}
  m_Enabled: 1
  m_EditorHideFlags: 0
  m_Script: {fileID: 11500000, guid: 5a917f0af64a6423093132dab321c15f, type: 3}
  m_Name: 
  m_EditorClassIdentifier: 
--- !u!114 &1844908279
MonoBehaviour:
  m_ObjectHideFlags: 0
  m_PrefabParentObject: {fileID: 0}
  m_PrefabInternal: {fileID: 0}
  m_GameObject: {fileID: 1844908274}
  m_Enabled: 1
  m_EditorHideFlags: 0
  m_Script: {fileID: -1631628248, guid: 1e108ae5f2133934f948edded555f03e, type: 3}
  m_Name: 
  m_EditorClassIdentifier: 
  mTrackableName: photoshop_2017-12-05_13-01-10
  mPreserveChildSize: 0
  mInitializedInEditor: 1
  mDataSetPath: Vuforia/ARLAB.xml
  mExtendedTracking: 0
  mInitializeSmartTerrain: 0
  mReconstructionToInitialize: {fileID: 0}
  mSmartTerrainOccluderBoundsMin: {x: 0, y: 0, z: 0}
  mSmartTerrainOccluderBoundsMax: {x: 0, y: 0, z: 0}
  mIsSmartTerrainOccluderOffset: 0
  mSmartTerrainOccluderOffset: {x: 0, y: 0, z: 0}
  mSmartTerrainOccluderRotation: {x: 0, y: 0, z: 0, w: 0}
  mAutoSetOccluderFromTargetSize: 0
  mAspectRatio: 1.4146
  mImageTargetType: 0
  mWidth: 3.534568
  mHeight: 5
--- !u!4 &1844908280
Transform:
  m_ObjectHideFlags: 0
  m_PrefabParentObject: {fileID: 0}
  m_PrefabInternal: {fileID: 0}
  m_GameObject: {fileID: 1844908274}
  m_LocalRotation: {x: 0, y: 0, z: 0, w: 1}
  m_LocalPosition: {x: 7.59, y: 0, z: -5.97}
  m_LocalScale: {x: 5, y: 5, z: 5}
  m_Children:
  - {fileID: 705514500}
  m_Father: {fileID: 0}
  m_RootOrder: 5
  m_LocalEulerAnglesHint: {x: 0, y: 0, z: 0}
--- !u!1001 &2130686826
Prefab:
  m_ObjectHideFlags: 0
  serializedVersion: 2
  m_Modification:
    m_TransformParent: {fileID: 0}
    m_Modifications:
    - target: {fileID: 4541142303025740, guid: d29bc40b7f3df26479d6a0aac211c355, type: 2}
      propertyPath: m_LocalPosition.x
      value: 0
      objectReference: {fileID: 0}
    - target: {fileID: 4541142303025740, guid: d29bc40b7f3df26479d6a0aac211c355, type: 2}
      propertyPath: m_LocalPosition.y
      value: 0
      objectReference: {fileID: 0}
    - target: {fileID: 4541142303025740, guid: d29bc40b7f3df26479d6a0aac211c355, type: 2}
      propertyPath: m_LocalPosition.z
      value: 0
      objectReference: {fileID: 0}
    - target: {fileID: 4541142303025740, guid: d29bc40b7f3df26479d6a0aac211c355, type: 2}
      propertyPath: m_LocalRotation.x
      value: 0
      objectReference: {fileID: 0}
    - target: {fileID: 4541142303025740, guid: d29bc40b7f3df26479d6a0aac211c355, type: 2}
      propertyPath: m_LocalRotation.y
      value: 0
      objectReference: {fileID: 0}
    - target: {fileID: 4541142303025740, guid: d29bc40b7f3df26479d6a0aac211c355, type: 2}
      propertyPath: m_LocalRotation.z
      value: 0
      objectReference: {fileID: 0}
    - target: {fileID: 4541142303025740, guid: d29bc40b7f3df26479d6a0aac211c355, type: 2}
      propertyPath: m_LocalRotation.w
      value: 1
      objectReference: {fileID: 0}
    - target: {fileID: 4541142303025740, guid: d29bc40b7f3df26479d6a0aac211c355, type: 2}
      propertyPath: m_RootOrder
      value: 0
      objectReference: {fileID: 0}
    - target: {fileID: 1850730992894404, guid: d29bc40b7f3df26479d6a0aac211c355, type: 2}
      propertyPath: m_Name
      value: MixedRealityCameraParent
      objectReference: {fileID: 0}
    - target: {fileID: 20770519707920992, guid: d29bc40b7f3df26479d6a0aac211c355,
        type: 2}
      propertyPath: m_BackGroundColor.r
      value: 0.31844726
      objectReference: {fileID: 0}
    - target: {fileID: 20770519707920992, guid: d29bc40b7f3df26479d6a0aac211c355,
        type: 2}
      propertyPath: m_BackGroundColor.g
      value: 0.38195175
      objectReference: {fileID: 0}
    - target: {fileID: 20770519707920992, guid: d29bc40b7f3df26479d6a0aac211c355,
        type: 2}
      propertyPath: m_BackGroundColor.b
      value: 0.45588237
      objectReference: {fileID: 0}
    - target: {fileID: 20770519707920992, guid: d29bc40b7f3df26479d6a0aac211c355,
        type: 2}
      propertyPath: m_BackGroundColor.a
      value: 1
      objectReference: {fileID: 0}
    - target: {fileID: 20770519707920992, guid: d29bc40b7f3df26479d6a0aac211c355,
        type: 2}
      propertyPath: m_ClearFlags
      value: 2
      objectReference: {fileID: 0}
    m_RemovedComponents: []
  m_ParentPrefab: {fileID: 100100000, guid: d29bc40b7f3df26479d6a0aac211c355, type: 2}
  m_IsPrefabParent: 0
